<?xml version="1.0" encoding="UTF-8"?>
<!DOCTYPE html PUBLIC "-//W3C//DTD XHTML 1.0 Transitional//EN"
    "http://www.w3.org/TR/xhtml1/DTD/xhtml1-transitional.dtd">
<html xmlns="http://www.w3.org/1999/xhtml" xml:lang="en" lang="en">
 <head>
  <title>
</title>
<meta http-equiv="Content-Type" content="text/html;charset=utf-8" />
  <meta name='ocr-system' content='tesseract 3.04.00' />
  <meta name='ocr-capabilities' content='ocr_page ocr_carea ocr_par ocr_line ocrx_word'/>
</head>
<body>
  <div class='ocr_page' id='page_1' title='image "./monumentagerman08geseuoft_0136.png"; bbox 0 0 2220 3192; ppageno 0'>
   <div class='ocr_carea' id='block_1_1' title="bbox 353 302 426 330">
    <p class='ocr_par' dir='ltr' id='par_1_1' title="bbox 353 302 426 330">
     <span class='ocr_line' id='line_1_1' title="bbox 353 302 426 330; baseline 0 0"><span class='ocrx_word' id='word_1_1' title='bbox 353 302 426 330; x_wconf 76' lang='lat'><strong>863.</strong></span> 
     </span>
    </p>
   </div>
   <div class='ocr_carea' id='block_1_2' title="bbox 459 198 1524 235">
    <p class='ocr_par' dir='ltr' id='par_1_2' title="bbox 459 198 1524 235">
     <span class='ocr_line' id='line_1_2' title="bbox 459 198 1524 235; baseline -0.011 0"><span class='ocrx_word' id='word_1_2' title='bbox 459 208 518 235; x_wconf 66' lang='lat' dir='ltr'><strong>les</strong></span> <span class='ocrx_word' id='word_1_3' title='bbox 1019 201 1205 228; x_wconf 78' lang='lat' dir='ltr'><strong>HINKMAR</strong></span> <span class='ocrx_word' id='word_1_4' title='bbox 1225 200 1301 226; x_wconf 91' lang='lat' dir='ltr'><strong>VON</strong></span> <span class='ocrx_word' id='word_1_5' title='bbox 1323 198 1442 225; x_wconf 80' lang='lat' dir='ltr'>REIMS</span> <span class='ocrx_word' id='word_1_6' title='bbox 1466 199 1524 224; x_wconf 83' lang='lat'><strong>160.</strong></span> 
     </span>
    </p>
   </div>
   <div class='ocr_carea' id='block_1_3' title="bbox 449 286 2139 750">
    <p class='ocr_par' dir='ltr' id='par_1_3' title="bbox 449 286 2139 750">
     <span class='ocr_line' id='line_1_3' title="bbox 542 286 2101 332; baseline -0.003 -9"><span class='ocrx_word' id='word_1_7' title='bbox 542 299 587 327; x_wconf 74' lang='grc'><strong>14,</strong></span> <span class='ocrx_word' id='word_1_8' title='bbox 630 294 755 332; x_wconf 80' lang='lat' dir='ltr'><strong>Quam¹</strong></span> <span class='ocrx_word' id='word_1_9' title='bbox 788 295 901 322; x_wconf 85' lang='lat' dir='ltr'><strong>honoris</strong></span> <span class='ocrx_word' id='word_1_10' title='bbox 940 292 1195 326; x_wconf 83' lang='lat' dir='ltr'><strong>conse[quen]tiam</strong></span> <span class='ocrx_word' id='word_1_11' title='bbox 1229 291 1309 318; x_wconf 83' lang='lat' dir='ltr'><strong>salva</strong></span> <span class='ocrx_word' id='word_1_12' title='bbox 1341 290 1491 324; x_wconf 86' lang='lat' dir='ltr'><strong>metropoli</strong></span> <span class='ocrx_word' id='word_1_13' title='bbox 1528 290 1669 324; x_wconf 72' lang='lat' dir='ltr'>dignitate</span> <span class='ocrx_word' id='word_1_14' title='bbox 1704 290 1738 317; x_wconf 84' lang='lat' dir='ltr'><strong>et</strong></span> <span class='ocrx_word' id='word_1_15' title='bbox 1773 286 1891 318; x_wconf 65' lang='lat' dir='ltr'><strong>beatus</strong></span> <span class='ocrx_word' id='word_1_16' title='bbox 1929 286 2101 328; x_wconf 75' lang='lat' dir='ltr'>Gregorius</span> 
     </span>
     <span class='ocr_line' id='line_1_4' title="bbox 454 334 2100 391; baseline -0.004 -12"><span class='ocrx_word' id='word_1_17' title='bbox 454 349 635 391; x_wconf 81' lang='lat' dir='ltr'><strong>pr0v[i]dit‚</strong></span> <span class='ocrx_word' id='word_1_18' title='bbox 660 346 791 386; x_wconf 79' lang='lat' dir='ltr'><strong>quando</strong></span> <span class='ocrx_word' id='word_1_19' title='bbox 818 343 939 383; x_wconf 76' lang='lat' dir='ltr'><strong>Siagrio</strong></span> <span class='ocrx_word' id='word_1_20' title='bbox 964 334 1246 382; x_wconf 75' lang='lat' dir='ltr'><strong>Augustidunensi</strong></span> <span class='ocrx_word' id='word_1_21' title='bbox 1273 340 1425 381; x_wconf 86' lang='lat' dir='ltr'><strong>episcopo</strong></span> <span class='ocrx_word' id='word_1_22' title='bbox 1452 339 1670 371; x_wconf 86' lang='lat' dir='ltr'><strong>Brunechilde</strong></span> <span class='ocrx_word' id='word_1_23' title='bbox 1696 349 1749 380; x_wconf 86' lang='lat' dir='ltr'><strong>reg</strong></span> <span class='ocrx_word' id='word_1_24' title='bbox 1766 364 1771 370; x_wconf 98' lang='lat'><em>.</em></span> <span class='ocrx_word' id='word_1_25' title='bbox 1788 346 1814 370; x_wconf 60' lang='grc' dir='ltr'><strong>,ὃ</strong></span> <span class='ocrx_word' id='word_1_26' title='bbox 1839 338 2043 372; x_wconf 82' lang='lat' dir='ltr'><strong>Francorum</strong></span> <span class='ocrx_word' id='word_1_27' title='bbox 2068 345 2100 372; x_wconf 88' lang='lat' dir='ltr'><strong>et</strong></span> 
     </span>
     <span class='ocr_line' id='line_1_5' title="bbox 452 391 2100 443; baseline -0.005 -11"><span class='ocrx_word' id='word_1_28' title='bbox 452 403 521 443; x_wconf 79' lang='lat' dir='ltr'><strong>ipso</strong></span> <span class='ocrx_word' id='word_1_29' title='bbox 542 403 671 442; x_wconf 76' lang='lat' dir='ltr'><strong>petente</strong></span> <span class='ocrx_word' id='word_1_30' title='bbox 690 398 828 439; x_wconf 83' lang='lat' dir='ltr'><strong>pallium</strong></span> <span class='ocrx_word' id='word_1_31' title='bbox 847 407 903 437; x_wconf 86' lang='lat' dir='ltr'><strong>pro</strong></span> <span class='ocrx_word' id='word_1_32' title='bbox 921 396 1041 426; x_wconf 82' lang='lat' dir='ltr'>honore</span> <span class='ocrx_word' id='word_1_33' title='bbox 1058 393 1208 425; x_wconf 83' lang='lat' dir='ltr'><strong>ecclesiae</strong></span> <span class='ocrx_word' id='word_1_34' title='bbox 1226 394 1330 433; x_wconf 86' lang='lat' dir='ltr'><strong>sua[e]</strong></span> <span class='ocrx_word' id='word_1_35' title='bbox 1348 392 1467 423; x_wconf 89' lang='lat' dir='ltr'><strong>tribuit</strong></span> <span class='ocrx_word' id='word_1_36' title='bbox 1484 391 1628 423; x_wconf 86' lang='lat' dir='ltr'><strong>dicens²:</strong></span> <span class='ocrx_word' id='word_1_37' title='bbox 1647 395 1689 422; x_wconf 87' lang='lat' dir='ltr'><strong>Ne</strong></span> <span class='ocrx_word' id='word_1_38' title='bbox 1707 395 1870 422; x_wconf 75' lang='lat' dir='ltr'>indumenti</span> <span class='ocrx_word' id='word_1_39' title='bbox 1888 396 1991 423; x_wconf 88' lang='lat' dir='ltr'><strong>huius</strong></span> <span class='ocrx_word' id='word_1_40' title='bbox 2009 398 2100 423; x_wconf 88' lang='lat' dir='ltr'><strong>muni-</strong></span> 
     </span>
     <span class='ocr_line' id='line_1_6' title="bbox 452 449 2100 491; baseline -0.004 -8"><span class='ocrx_word' id='word_1_41' title='bbox 452 458 594 483; x_wconf 71' lang='lat' dir='ltr'><strong>ficentiam</strong></span> <span class='ocrx_word' id='word_1_42' title='bbox 619 452 724 491; x_wconf 72' lang='lat' dir='ltr'><strong>[tibi]b</strong></span> <span class='ocrx_word' id='word_1_43' title='bbox 746 453 854 479; x_wconf 83' lang='lat' dir='ltr'><strong>nudam</strong></span> <span class='ocrx_word' id='word_1_44' title='bbox 875 451 1024 477; x_wconf 82' lang='lat' dir='ltr'><strong>videamur</strong></span> <span class='ocrx_word' id='word_1_45' title='bbox 1047 449 1259 484; x_wconf 87' lang='lat' dir='ltr'><strong>quodammodo</strong></span> <span class='ocrx_word' id='word_1_46' title='bbox 1282 449 1445 479; x_wconf 73' lang='lat' dir='ltr'>contulisse,</span> <span class='ocrx_word' id='word_1_47' title='bbox 1467 449 1521 475; x_wconf 86' lang='lat' dir='ltr'><strong>hoo</strong></span> <span class='ocrx_word' id='word_1_48' title='bbox 1542 449 1631 475; x_wconf 82' lang='lat' dir='ltr'><strong>etiam</strong></span> <span class='ocrx_word' id='word_1_49' title='bbox 1654 449 1762 482; x_wconf 82' lang='lat' dir='ltr'><strong>pariter</strong></span> <span class='ocrx_word' id='word_1_50' title='bbox 1783 450 1981 483; x_wconf 84' lang='lat' dir='ltr'><strong>prospeximus</strong></span> <span class='ocrx_word' id='word_1_51' title='bbox 2004 459 2100 477; x_wconf 85' lang='lat' dir='ltr'><strong>conce-</strong></span> 
     </span>
     <span class='ocr_line' id='line_1_7' title="bbox 451 502 2139 539; baseline -0.003 -4"><span class='ocrx_word' id='word_1_52' title='bbox 451 510 585 538; x_wconf 77' lang='lat' dir='ltr'><strong>dendurn,</strong></span> <span class='ocrx_word' id='word_1_53' title='bbox 606 511 639 533; x_wconf 85' lang='lat' dir='ltr'><strong>ut</strong></span> <span class='ocrx_word' id='word_1_54' title='bbox 661 506 810 539; x_wconf 85' lang='lat' dir='ltr'><strong>metropoli</strong></span> <span class='ocrx_word' id='word_1_55' title='bbox 831 513 882 530; x_wconf 84' lang='lat' dir='ltr'><strong>suo</strong></span> <span class='ocrx_word' id='word_1_56' title='bbox 902 505 975 538; x_wconf 87' lang='lat' dir='ltr'><strong>p[er]</strong></span> <span class='ocrx_word' id='word_1_57' title='bbox 996 504 1093 530; x_wconf 87' lang='lat' dir='ltr'><strong>omnia</strong></span> <span class='ocrx_word' id='word_1_58' title='bbox 1112 503 1174 529; x_wconf 88' lang='lat' dir='ltr'><strong>loco</strong></span> <span class='ocrx_word' id='word_1_59' title='bbox 1194 506 1225 529; x_wconf 85' lang='lat' dir='ltr'><strong>et</strong></span> <span class='ocrx_word' id='word_1_60' title='bbox 1244 502 1350 528; x_wconf 82' lang='lat' dir='ltr'><strong>honore</strong></span> <span class='ocrx_word' id='word_1_61' title='bbox 1371 505 1485 528; x_wconf 87' lang='lat' dir='ltr'><strong>servato</strong></span> <span class='ocrx_word' id='word_1_62' title='bbox 1505 502 1640 528; x_wconf 83' lang='lat' dir='ltr'><strong>ecclesiae</strong></span> <span class='ocrx_word' id='word_1_63' title='bbox 1661 503 1769 528; x_wconf 87' lang='lat' dir='ltr'><strong>civitas</strong></span> <span class='ocrx_word' id='word_1_64' title='bbox 1790 502 2035 536; x_wconf 73' lang='lat' dir='ltr'><strong>Augustidunusc,</strong></span> <span class='ocrx_word' id='word_1_65' title='bbox 2056 504 2101 530; x_wconf 88' lang='lat' dir='ltr'><strong>cui</strong></span> <span class='ocrx_word' id='word_1_66' title='bbox 2127 509 2139 530; x_wconf 90' lang='lat'><strong>5</strong></span> 
     </span>
     <span class='ocr_line' id='line_1_8' title="bbox 451 555 2101 595; baseline -0.003 -7"><span class='ocrx_word' id='word_1_67' title='bbox 451 563 629 595; x_wconf 79' lang='lat' dir='ltr'><strong>omnipotens</strong></span> <span class='ocrx_word' id='word_1_68' title='bbox 648 560 724 585; x_wconf 85' lang='lat' dir='ltr'><strong>Deus</strong></span> <span class='ocrx_word' id='word_1_69' title='bbox 742 566 870 592; x_wconf 82' lang='lat' dir='ltr'><strong>praeesse</strong></span> <span class='ocrx_word' id='word_1_70' title='bbox 889 560 917 583; x_wconf 88' lang='lat' dir='ltr'><strong>te</strong></span> <span class='ocrx_word' id='word_1_71' title='bbox 936 557 1038 588; x_wconf 86' lang='lat' dir='ltr'><strong>voluit,</strong></span> <span class='ocrx_word' id='word_1_72' title='bbox 1056 560 1123 590; x_wconf 85' lang='lat' dir='ltr'><strong>post</strong></span> <span class='ocrx_word' id='word_1_73' title='bbox 1140 556 1359 589; x_wconf 81' lang='lat' dir='ltr'>Lugdunensem</span> <span class='ocrx_word' id='word_1_74' title='bbox 1376 555 1525 581; x_wconf 84' lang='lat' dir='ltr'><strong>ecclesiam</strong></span> <span class='ocrx_word' id='word_1_75' title='bbox 1542 563 1602 581; x_wconf 87' lang='lat' dir='ltr'><strong>esse</strong></span> <span class='ocrx_word' id='word_1_76' title='bbox 1621 555 1726 581; x_wconf 84' lang='lat' dir='ltr'><strong>debeat</strong></span> <span class='ocrx_word' id='word_1_77' title='bbox 1742 558 1773 581; x_wconf 88' lang='lat' dir='ltr'><strong>et</strong></span> <span class='ocrx_word' id='word_1_78' title='bbox 1790 555 1866 582; x_wconf 85' lang='lat' dir='ltr'><strong>hunc</strong></span> <span class='ocrx_word' id='word_1_79' title='bbox 1884 556 1938 582; x_wconf 85' lang='lat' dir='ltr'><strong>sibi</strong></span> <span class='ocrx_word' id='word_1_80' title='bbox 1955 556 2050 583; x_wconf 84' lang='lat' dir='ltr'><strong>locum</strong></span> <span class='ocrx_word' id='word_1_81' title='bbox 2067 566 2101 583; x_wconf 86' lang='lat' dir='ltr'><strong>ac</strong></span> 
     </span>
     <span class='ocr_line' id='line_1_9' title="bbox 450 608 2100 643; baseline -0.003 -3"><span class='ocrx_word' id='word_1_82' title='bbox 450 615 575 641; x_wconf 86' lang='lat' dir='ltr'><strong>ordinem</strong></span> <span class='ocrx_word' id='word_1_83' title='bbox 592 622 628 639; x_wconf 79' lang='lat' dir='ltr'><strong>ex</strong></span> <span class='ocrx_word' id='word_1_84' title='bbox 645 614 762 638; x_wconf 81' lang='lat' dir='ltr'><strong>nostrae</strong></span> <span class='ocrx_word' id='word_1_85' title='bbox 780 611 962 637; x_wconf 76' lang='lat' dir='ltr'><strong>auctoritatis</strong></span> <span class='ocrx_word' id='word_1_86' title='bbox 978 610 1158 643; x_wconf 74' lang='lat' dir='ltr'><strong>indulgentia</strong></span> <span class='ocrx_word' id='word_1_87' title='bbox 1174 609 1327 635; x_wconf 75' lang='lat' dir='ltr'><strong>vindicare.</strong></span> <span class='ocrx_word' id='word_1_88' title='bbox 1357 608 1471 634; x_wconf 78' lang='lat' dir='ltr'><strong>Ceteros</strong></span> <span class='ocrx_word' id='word_1_89' title='bbox 1488 617 1556 634; x_wconf 86' lang='lat' dir='ltr'><strong>vero</strong></span> <span class='ocrx_word' id='word_1_90' title='bbox 1573 609 1720 642; x_wconf 84' lang='lat' dir='ltr'><strong>episcopos</strong></span> <span class='ocrx_word' id='word_1_91' title='bbox 1738 609 1896 635; x_wconf 87' lang='lat' dir='ltr'><strong>secundum</strong></span> <span class='ocrx_word' id='word_1_92' title='bbox 1912 609 2100 636; x_wconf 75' lang='lat' dir='ltr'><strong>ordinationis</strong></span> 
     </span>
     <span class='ocr_line' id='line_1_10' title="bbox 450 661 2101 699; baseline -0.001 -7"><span class='ocrx_word' id='word_1_93' title='bbox 450 675 515 693; x_wconf 80' lang='lat' dir='ltr'><strong>suae</strong></span> <span class='ocrx_word' id='word_1_94' title='bbox 531 670 643 699; x_wconf 83' lang='lat' dir='ltr'><strong>tempus</strong></span> <span class='ocrx_word' id='word_1_95' title='bbox 658 665 711 690; x_wconf 89' lang='lat' dir='ltr'><strong>sibi</strong></span> <span class='ocrx_word' id='word_1_96' title='bbox 725 665 761 691; x_wconf 84' lang='lat' dir='ltr'><strong>ad</strong></span> <span class='ocrx_word' id='word_1_97' title='bbox 777 663 987 690; x_wconf 82' lang='lat' dir='ltr'><strong>consedendum</strong></span> <span class='ocrx_word' id='word_1_98' title='bbox 1001 664 1029 689; x_wconf 91' lang='lat' dir='ltr'><strong>in</strong></span> <span class='ocrx_word' id='word_1_99' title='bbox 1046 663 1163 689; x_wconf 80' lang='lat' dir='ltr'><strong>concilio</strong></span> <span class='ocrx_word' id='word_1_100' title='bbox 1179 671 1228 688; x_wconf 84' lang='lat' dir='ltr'><strong>seu</strong></span> <span class='ocrx_word' id='word_1_101' title='bbox 1245 662 1281 688; x_wconf 88' lang='lat' dir='ltr'><strong>ad</strong></span> <span class='ocrx_word' id='word_1_102' title='bbox 1296 661 1532 688; x_wconf 85' lang='lat' dir='ltr'><strong>subscribendum</strong></span> <span class='ocrx_word' id='word_1_103' title='bbox 1546 661 1592 687; x_wconf 86' lang='lat' dir='ltr'><strong>vel</strong></span> <span class='ocrx_word' id='word_1_104' title='bbox 1614 662 1643 687; x_wconf 90' lang='lat' dir='ltr'><strong>in</strong></span> <span class='ocrx_word' id='word_1_105' title='bbox 1661 661 1790 695; x_wconf 85' lang='lat' dir='ltr'><strong>qualibet</strong></span> <span class='ocrx_word' id='word_1_106' title='bbox 1806 662 1861 688; x_wconf 86' lang='lat' dir='ltr'><strong>alia</strong></span> <span class='ocrx_word' id='word_1_107' title='bbox 1877 670 1906 688; x_wconf 85' lang='lat' dir='ltr'><strong>re</strong></span> <span class='ocrx_word' id='word_1_108' title='bbox 1923 671 1975 689; x_wconf 79' lang='lat' dir='ltr'><strong>sua</strong></span> <span class='ocrx_word' id='word_1_109' title='bbox 1991 664 2101 691; x_wconf 78' lang='lat' dir='ltr'><strong>tenere</strong></span> 
     </span>
     <span class='ocr_line' id='line_1_11' title="bbox 449 715 2101 750; baseline -0.002 -5"><span class='ocrx_word' id='word_1_110' title='bbox 449 721 510 746; x_wconf 82' lang='lat' dir='ltr'><strong>loca</strong></span> <span class='ocrx_word' id='word_1_111' title='bbox 531 719 706 745; x_wconf 77' lang='lat' dir='ltr'><strong>decernimus</strong></span> <span class='ocrx_word' id='word_1_112' title='bbox 727 721 758 743; x_wconf 88' lang='lat' dir='ltr'><strong>et</strong></span> <span class='ocrx_word' id='word_1_113' title='bbox 778 726 894 743; x_wconf 89' lang='lat' dir='ltr'><strong>suorum</strong></span> <span class='ocrx_word' id='word_1_114' title='bbox 915 717 969 742; x_wconf 89' lang='lat' dir='ltr'><strong>sibi</strong></span> <span class='ocrx_word' id='word_1_115' title='bbox 991 717 1220 750; x_wconf 81' lang='lat' dir='ltr'><strong>praerogativam</strong></span> <span class='ocrx_word' id='word_1_116' title='bbox 1242 716 1374 742; x_wconf 83' lang='lat' dir='ltr'><strong>ordinum</strong></span> <span class='ocrx_word' id='word_1_117' title='bbox 1395 715 1551 745; x_wconf 84' lang='lat' dir='ltr'><strong>vindicare,</strong></span> <span class='ocrx_word' id='word_1_118' title='bbox 1574 715 1641 748; x_wconf 83' lang='lat' dir='ltr'><strong>quia</strong></span> <span class='ocrx_word' id='word_1_119' title='bbox 1662 715 1796 741; x_wconf 75' lang='lat' dir='ltr'><strong>omninod</strong></span> <span class='ocrx_word' id='word_1_120' title='bbox 1818 715 1937 741; x_wconf 86' lang='lat' dir='ltr'><strong>rationis</strong></span> <span class='ocrx_word' id='word_1_121' title='bbox 1959 716 2028 742; x_wconf 85' lang='lat' dir='ltr'><strong>ordo</strong></span> <span class='ocrx_word' id='word_1_122' title='bbox 2050 724 2101 742; x_wconf 89' lang='lat' dir='ltr'><strong>nos</strong></span> 
     </span>
    </p>
   </div>
   <div class='ocr_carea' id='block_1_4' title="bbox 449 768 2154 804">
    <p class='ocr_par' dir='ltr' id='par_1_4' title="bbox 449 768 2154 804">
     <span class='ocr_line' id='line_1_12' title="bbox 449 768 2154 804; baseline -0.005 -5"><span class='ocrx_word' id='word_1_123' title='bbox 449 773 593 802; x_wconf 76' lang='lat' dir='ltr'><strong>admonet,</strong></span> <span class='ocrx_word' id='word_1_124' title='bbox 614 774 648 797; x_wconf 90' lang='lat' dir='ltr'><strong>ut</strong></span> <span class='ocrx_word' id='word_1_125' title='bbox 667 779 731 797; x_wconf 82' lang='lat' dir='ltr'><strong>cum</strong></span> <span class='ocrx_word' id='word_1_126' title='bbox 751 779 804 796; x_wconf 91' lang='lat' dir='ltr'><strong>usu</strong></span> <span class='ocrx_word' id='word_1_127' title='bbox 825 770 904 804; x_wconf 90' lang='lat' dir='ltr'><strong>pallii</strong></span> <span class='ocrx_word' id='word_1_128' title='bbox 923 770 1020 803; x_wconf 78' lang='lat' dir='ltr'><strong>aliqua</strong></span> <span class='ocrx_word' id='word_1_129' title='bbox 1040 770 1123 796; x_wconf 89' lang='lat' dir='ltr'><strong>simul</strong></span> <span class='ocrx_word' id='word_1_130' title='bbox 1143 769 1237 803; x_wconf 81' lang='lat' dir='ltr'><strong>largiri</strong></span> <span class='ocrx_word' id='word_1_131' title='bbox 1257 769 1405 802; x_wconf 84' lang='lat' dir='ltr'><strong>privilegia</strong></span> <span class='ocrx_word' id='word_1_132' title='bbox 1425 768 1590 794; x_wconf 77' lang='lat' dir='ltr'><strong>debeamus.</strong></span> <span class='ocrx_word' id='word_1_133' title='bbox 2126 775 2154 795; x_wconf 88' lang='lat'><strong>10</strong></span> 
     </span>
    </p>
   </div>
   <div class='ocr_carea' id='block_1_5' title="bbox 449 825 2101 1030">
    <p class='ocr_par' dir='ltr' id='par_1_5' title="bbox 449 825 2101 1030">
     <span class='ocr_line' id='line_1_13' title="bbox 538 825 2101 870; baseline -0.002 -9"><span class='ocrx_word' id='word_1_134' title='bbox 538 832 586 861; x_wconf 82' lang='lat'><strong>15.</strong></span> <span class='ocrx_word' id='word_1_135' title='bbox 615 830 709 861; x_wconf 85' lang='lat' dir='ltr'><strong>Hanc</strong></span> <span class='ocrx_word' id='word_1_136' title='bbox 732 839 862 870; x_wconf 91' lang='lat' dir='ltr'><strong>quoque</strong></span> <span class='ocrx_word' id='word_1_137' title='bbox 886 828 1094 869; x_wconf 83' lang='lat' dir='ltr'><strong>dignitatem,</strong></span> <span class='ocrx_word' id='word_1_138' title='bbox 1120 831 1158 859; x_wconf 89' lang='lat' dir='ltr'><strong>ut</strong></span> <span class='ocrx_word' id='word_1_139' title='bbox 1181 827 1343 858; x_wconf 88' lang='lat' dir='ltr'><strong>secundus</strong></span> <span class='ocrx_word' id='word_1_140' title='bbox 1366 829 1442 868; x_wconf 90' lang='lat' dir='ltr'><strong>post</strong></span> <span class='ocrx_word' id='word_1_141' title='bbox 1466 825 1763 868; x_wconf 85' lang='lat' dir='ltr'><strong>metropolitanum</strong></span> <span class='ocrx_word' id='word_1_142' title='bbox 1787 826 1830 857; x_wconf 86' lang='lat' dir='ltr'><strong>sit</strong></span> <span class='ocrx_word' id='word_1_143' title='bbox 1854 826 1889 857; x_wconf 92' lang='lat' dir='ltr'><strong>in</strong></span> <span class='ocrx_word' id='word_1_144' title='bbox 1911 827 2101 868; x_wconf 82' lang='lat' dir='ltr'><strong>acceptione</strong></span> 
     </span>
     <span class='ocr_line' id='line_1_14' title="bbox 451 879 2100 925; baseline -0.001 -11"><span class='ocrx_word' id='word_1_145' title='bbox 451 883 551 925; x_wconf 75' lang='lat' dir='ltr'><strong>pallii,</strong></span> <span class='ocrx_word' id='word_1_146' title='bbox 572 882 751 914; x_wconf 76' lang='lat' dir='ltr'><strong>Teudulfus</strong></span> <span class='ocrx_word' id='word_1_147' title='bbox 768 881 1011 913; x_wconf 82' lang='lat' dir='ltr'><strong>Aurelianensis</strong></span> <span class='ocrx_word' id='word_1_148' title='bbox 1037 879 1231 922; x_wconf 81' lang='lat' dir='ltr'><strong>episcopus³</strong></span> <span class='ocrx_word' id='word_1_149' title='bbox 1256 880 1496 911; x_wconf 84' lang='lat' dir='ltr'><strong>interveniente</strong></span> <span class='ocrx_word' id='word_1_150' title='bbox 1522 879 1616 910; x_wconf 87' lang='lat' dir='ltr'><strong>divae</strong></span> <span class='ocrx_word' id='word_1_151' title='bbox 1644 879 1819 911; x_wconf 78' lang='lat' dir='ltr'><strong>memoriae</strong></span> <span class='ocrx_word' id='word_1_152' title='bbox 1848 879 1970 910; x_wconf 89' lang='lat' dir='ltr'><strong>Karolo</strong></span> <span class='ocrx_word' id='word_1_153' title='bbox 1997 880 2100 922; x_wconf 87' lang='lat' dir='ltr'><strong>impe—</strong></span> 
     </span>
     <span class='ocr_line' id='line_1_15' title="bbox 450 932 2100 977; baseline -0.001 -11"><span class='ocrx_word' id='word_1_154' title='bbox 450 940 555 967; x_wconf 87' lang='lat' dir='ltr'><strong>ratore</strong></span> <span class='ocrx_word' id='word_1_155' title='bbox 571 934 740 977; x_wconf 76' lang='lat' dir='ltr'><strong>optinuit4</strong></span> <span class='ocrx_word' id='word_1_156' title='bbox 753 939 785 965; x_wconf 89' lang='lat' dir='ltr'><strong>et</strong></span> <span class='ocrx_word' id='word_1_157' title='bbox 794 936 901 975; x_wconf 85' lang='lat' dir='ltr'><strong>Drogo</strong></span> <span class='ocrx_word' id='word_1_158' title='bbox 914 935 1129 966; x_wconf 85' lang='lat' dir='ltr'><strong>Mettensium</strong></span> <span class='ocrx_word' id='word_1_159' title='bbox 1145 934 1316 976; x_wconf 78' lang='lat' dir='ltr'><strong>episcopus</strong></span> <span class='ocrx_word' id='word_1_160' title='bbox 1325 933 1338 953; x_wconf 85' lang='lat'>⁵</span> <span class='ocrx_word' id='word_1_161' title='bbox 1348 934 1543 975; x_wconf 82' lang='lat' dir='ltr'><strong>deprecante</strong></span> <span class='ocrx_word' id='word_1_162' title='bbox 1560 932 1633 974; x_wconf 85' lang='lat' dir='ltr'><strong>piae</strong></span> <span class='ocrx_word' id='word_1_163' title='bbox 1646 933 1878 964; x_wconf 85' lang='lat' dir='ltr'><strong>recordationis</strong></span> <span class='ocrx_word' id='word_1_164' title='bbox 1890 932 2100 965; x_wconf 88' lang='lat' dir='ltr'><strong>Hludouuico</strong></span> 
     </span>
     <span class='ocr_line' id='line_1_16' title="bbox 449 985 2100 1030; baseline -0.001 -10"><span class='ocrx_word' id='word_1_165' title='bbox 449 992 587 1030; x_wconf 80' lang='lat' dir='ltr'><strong>augusto</strong></span> <span class='ocrx_word' id='word_1_166' title='bbox 618 988 798 1030; x_wconf 84' lang='lat' dir='ltr'><strong>promeruit</strong></span> <span class='ocrx_word' id='word_1_167' title='bbox 807 988 830 1026; x_wconf 64' lang='grc' dir='ltr'><strong>Β,</strong></span> <span class='ocrx_word' id='word_1_168' title='bbox 861 987 958 1019; x_wconf 89' lang='lat' dir='ltr'><strong>salvis</strong></span> <span class='ocrx_word' id='word_1_169' title='bbox 982 987 1157 1029; x_wconf 85' lang='lat' dir='ltr'><strong>privilegiis</strong></span> <span class='ocrx_word' id='word_1_170' title='bbox 1179 987 1361 1018; x_wconf 87' lang='lat' dir='ltr'><strong>secundum</strong></span> <span class='ocrx_word' id='word_1_171' title='bbox 1383 997 1489 1018; x_wconf 86' lang='lat' dir='ltr'><strong>sacros</strong></span> <span class='ocrx_word' id='word_1_172' title='bbox 1510 997 1651 1017; x_wconf 87' lang='lat' dir='ltr'><strong>canones</strong></span> <span class='ocrx_word' id='word_1_173' title='bbox 1672 997 1746 1017; x_wconf 85' lang='lat' dir='ltr'><strong>vere</strong></span> <span class='ocrx_word' id='word_1_174' title='bbox 1770 985 2100 1027; x_wconf 85' lang='lat' dir='ltr'><strong>metropolitanarum</strong></span> 
     </span>
    </p>
   </div>
   <div class='ocr_carea' id='block_1_6' title="bbox 451 1037 2218 1082">
    <p class='ocr_par' dir='ltr' id='par_1_6' title="bbox 451 1037 2218 1082">
     <span class='ocr_line' id='line_1_17' title="bbox 451 1037 2218 1082; baseline -0.002 -9"><span class='ocrx_word' id='word_1_175' title='bbox 451 1041 592 1079; x_wconf 86' lang='lat' dir='ltr'><strong>urbium,</strong></span> <span class='ocrx_word' id='word_1_176' title='bbox 614 1042 656 1073; x_wconf 87' lang='lat' dir='ltr'><strong>ad</strong></span> <span class='ocrx_word' id='word_1_177' title='bbox 677 1052 819 1082; x_wconf 83' lang='lat' dir='ltr'><strong>quarum</strong></span> <span class='ocrx_word' id='word_1_178' title='bbox 841 1041 1038 1082; x_wconf 84' lang='lat' dir='ltr'><strong>dignitatem</strong></span> <span class='ocrx_word' id='word_1_179' title='bbox 1059 1051 1095 1072; x_wconf 83' lang='lat' dir='ltr'><strong>ae</strong></span> <span class='ocrx_word' id='word_1_180' title='bbox 1119 1040 1337 1082; x_wconf 84' lang='lat' dir='ltr'><strong>privilegium,</strong></span> <span class='ocrx_word' id='word_1_181' title='bbox 1358 1043 1396 1070; x_wconf 88' lang='lat' dir='ltr'><strong>ut</strong></span> <span class='ocrx_word' id='word_1_182' title='bbox 1415 1039 1460 1070; x_wconf 88' lang='lat' dir='ltr'><strong>eis</strong></span> <span class='ocrx_word' id='word_1_183' title='bbox 1477 1039 1649 1080; x_wconf 85' lang='lat' dir='ltr'><strong>coaequari</strong></span> <span class='ocrx_word' id='word_1_184' title='bbox 1665 1058 1709 1062; x_wconf 81' lang='lat'>—</span> <span class='ocrx_word' id='word_1_185' title='bbox 1727 1039 1833 1071; x_wconf 89' lang='lat' dir='ltr'><strong>multo</strong></span> <span class='ocrx_word' id='word_1_186' title='bbox 1857 1039 1967 1071; x_wconf 92' lang='lat' dir='ltr'><strong>minus</strong></span> <span class='ocrx_word' id='word_1_187' title='bbox 1987 1043 2101 1071; x_wconf 86' lang='lat' dir='ltr'><strong>autem</strong></span> <span class='ocrx_word' id='word_1_188' title='bbox 2125 1050 2153 1070; x_wconf 84' lang='lat'><strong>15</strong></span> <span class='ocrx_word' id='word_1_189' title='bbox 2204 1037 2218 1054; x_wconf 62' lang='lat'><strong>‘²</strong></span> 
     </span>
    </p>
   </div>
   <div class='ocr_carea' id='block_1_7' title="bbox 449 1092 2151 1775">
    <p class='ocr_par' dir='ltr' id='par_1_7' title="bbox 449 1092 2151 1775">
     <span class='ocr_line' id='line_1_18' title="bbox 451 1092 2100 1137; baseline -0.002 -11"><span class='ocrx_word' id='word_1_190' title='bbox 451 1095 605 1137; x_wconf 78' lang='lat' dir='ltr'><strong>praeponi</strong></span> <span class='ocrx_word' id='word_1_191' title='bbox 618 1114 661 1117; x_wconf 79' lang='lat'><strong>-</strong></span> <span class='ocrx_word' id='word_1_192' title='bbox 673 1094 816 1131; x_wconf 85' lang='lat' dir='ltr'><strong>valeant,</strong></span> <span class='ocrx_word' id='word_1_193' title='bbox 839 1095 893 1125; x_wconf 88' lang='lat' dir='ltr'><strong>isti</strong></span> <span class='ocrx_word' id='word_1_194' title='bbox 908 1094 1041 1125; x_wconf 85' lang='lat' dir='ltr'><strong>secundi</strong></span> <span class='ocrx_word' id='word_1_195' title='bbox 1058 1093 1303 1135; x_wconf 85' lang='lat' dir='ltr'><strong>metropolitani</strong></span> <span class='ocrx_word' id='word_1_196' title='bbox 1318 1093 1486 1135; x_wconf 85' lang='lat' dir='ltr'><strong>pervenire</strong></span> <span class='ocrx_word' id='word_1_197' title='bbox 1501 1104 1568 1123; x_wconf 88' lang='lat' dir='ltr'><strong>non</strong></span> <span class='ocrx_word' id='word_1_198' title='bbox 1583 1096 1732 1134; x_wconf 76' lang='lat' dir='ltr'><strong>possunt.</strong></span> <span class='ocrx_word' id='word_1_199' title='bbox 1753 1092 1798 1123; x_wconf 90' lang='lat' dir='ltr'><strong>Et</strong></span> <span class='ocrx_word' id='word_1_200' title='bbox 1811 1093 1869 1123; x_wconf 84' lang='lat' dir='ltr'><strong>hos</strong></span> <span class='ocrx_word' id='word_1_201' title='bbox 1879 1092 1902 1129; x_wconf 83' lang='lat'><strong>⁷,</strong></span> <span class='ocrx_word' id='word_1_202' title='bbox 1917 1092 1974 1134; x_wconf 90' lang='lat' dir='ltr'><strong>qui</strong></span> <span class='ocrx_word' id='word_1_203' title='bbox 1987 1093 2100 1124; x_wconf 85' lang='lat' dir='ltr'><strong>huius-</strong></span> 
     </span>
     <span class='ocr_line' id='line_1_19' title="bbox 452 1145 2100 1190; baseline -0.002 -10"><span class='ocrx_word' id='word_1_204' title='bbox 452 1149 538 1180; x_wconf 88' lang='lat' dir='ltr'><strong>modi</strong></span> <span class='ocrx_word' id='word_1_205' title='bbox 554 1148 720 1190; x_wconf 79' lang='lat' dir='ltr'><strong>privilegia</strong></span> <span class='ocrx_word' id='word_1_206' title='bbox 735 1148 802 1178; x_wconf 85' lang='lat' dir='ltr'><strong>sive</strong></span> <span class='ocrx_word' id='word_1_207' title='bbox 816 1158 872 1188; x_wconf 86' lang='lat' dir='ltr'><strong>per</strong></span> <span class='ocrx_word' id='word_1_208' title='bbox 885 1146 1091 1189; x_wconf 85' lang='lat' dir='ltr'><strong>imperialem</strong></span> <span class='ocrx_word' id='word_1_209' title='bbox 1104 1147 1367 1188; x_wconf 86' lang='lat' dir='ltr'><strong>deprecationem</strong></span> <span class='ocrx_word' id='word_1_210' title='bbox 1381 1146 1448 1177; x_wconf 88' lang='lat' dir='ltr'><strong>sive</strong></span> <span class='ocrx_word' id='word_1_211' title='bbox 1463 1157 1519 1187; x_wconf 86' lang='lat' dir='ltr'><strong>per</strong></span> <span class='ocrx_word' id='word_1_212' title='bbox 1532 1145 1751 1187; x_wconf 83' lang='lat' dir='ltr'><strong>apostolicam</strong></span> <span class='ocrx_word' id='word_1_213' title='bbox 1765 1145 1973 1187; x_wconf 83' lang='lat' dir='ltr'><strong>largitionem</strong></span> <span class='ocrx_word' id='word_1_214' title='bbox 1988 1147 2100 1188; x_wconf 86' lang='lat' dir='ltr'><strong>adepti</strong></span> 
     </span>
     <span class='ocr_line' id='line_1_20' title="bbox 450 1198 2100 1242; baseline -0.001 -10"><span class='ocrx_word' id='word_1_215' title='bbox 450 1205 540 1238; x_wconf 83' lang='lat' dir='ltr'><strong>sunt,</strong></span> <span class='ocrx_word' id='word_1_216' title='bbox 561 1201 652 1233; x_wconf 82' lang='lat' dir='ltr'><strong>Greci</strong></span> <span class='ocrx_word' id='word_1_217' title='bbox 672 1202 829 1232; x_wconf 88' lang='lat' dir='ltr'><strong>secundos</strong></span> <span class='ocrx_word' id='word_1_218' title='bbox 850 1200 1121 1242; x_wconf 84' lang='lat' dir='ltr'><strong>metropolitanos</strong></span> <span class='ocrx_word' id='word_1_219' title='bbox 1138 1199 1322 1242; x_wconf 86' lang='lat' dir='ltr'><strong>appellant,</strong></span> <span class='ocrx_word' id='word_1_220' title='bbox 1342 1200 1428 1231; x_wconf 88' lang='lat' dir='ltr'><strong>sicut</strong></span> <span class='ocrx_word' id='word_1_221' title='bbox 1447 1199 1481 1230; x_wconf 90' lang='lat' dir='ltr'><strong>in</strong></span> <span class='ocrx_word' id='word_1_222' title='bbox 1500 1199 1599 1240; x_wconf 81' lang='lat' dir='ltr'><strong>gestis</strong></span> <span class='ocrx_word' id='word_1_223' title='bbox 1617 1199 1747 1230; x_wconf 90' lang='lat' dir='ltr'><strong>concilii</strong></span> <span class='ocrx_word' id='word_1_224' title='bbox 1767 1198 2007 1231; x_wconf 86' lang='lat' dir='ltr'><strong>Calcidonensis</strong></span> <span class='ocrx_word' id='word_1_225' title='bbox 2025 1199 2100 1241; x_wconf 83' lang='lat' dir='ltr'><strong>legi-</strong></span> 
     </span>
     <span class='ocr_line' id='line_1_21' title="bbox 449 1252 2100 1296; baseline -0.001 -11"><span class='ocrx_word' id='word_1_226' title='bbox 449 1254 537 1286; x_wconf 71' lang='lat' dir='ltr'><strong>tur-⁸.</strong></span> <span class='ocrx_word' id='word_1_227' title='bbox 568 1256 609 1286; x_wconf 89' lang='lat' dir='ltr'><strong>In</strong></span> <span class='ocrx_word' id='word_1_228' title='bbox 628 1265 693 1296; x_wconf 89' lang='lat' dir='ltr'><strong>quo</strong></span> <span class='ocrx_word' id='word_1_229' title='bbox 712 1254 905 1286; x_wconf 83' lang='lat' dir='ltr'><strong>Anastasius</strong></span> <span class='ocrx_word' id='word_1_230' title='bbox 924 1254 1090 1285; x_wconf 90' lang='lat' dir='ltr'><strong>Nichenus</strong></span> <span class='ocrx_word' id='word_1_231' title='bbox 1110 1264 1168 1295; x_wconf 87' lang='lat' dir='ltr'><strong>pro</strong></span> <span class='ocrx_word' id='word_1_232' title='bbox 1189 1253 1356 1295; x_wconf 80' lang='lat' dir='ltr'><strong>privilegio</strong></span> <span class='ocrx_word' id='word_1_233' title='bbox 1379 1252 1632 1294; x_wconf 89' lang='lat' dir='ltr'><strong>metropolitano</strong></span> <span class='ocrx_word' id='word_1_234' title='bbox 1652 1252 1817 1284; x_wconf 87' lang='lat' dir='ltr'><strong>Nichenae</strong></span> <span class='ocrx_word' id='word_1_235' title='bbox 1837 1252 1983 1284; x_wconf 82' lang='lat' dir='ltr'><strong>civitatis</strong></span> <span class='ocrx_word' id='word_1_236' title='bbox 2002 1263 2100 1284; x_wconf 87' lang='lat' dir='ltr'><strong>causa</strong></span> 
     </span>
     <span class='ocr_line' id='line_1_22' title="bbox 449 1305 2151 1349; baseline -0.002 -11"><span class='ocrx_word' id='word_1_237' title='bbox 449 1308 566 1349; x_wconf 79' lang='lat' dir='ltr'><strong>synodi</strong></span> <span class='ocrx_word' id='word_1_238' title='bbox 588 1308 710 1339; x_wconf 90' lang='lat' dir='ltr'><strong>ibidem</strong></span> <span class='ocrx_word' id='word_1_239' title='bbox 731 1307 861 1339; x_wconf 86' lang='lat' dir='ltr'><strong>habitae</strong></span> <span class='ocrx_word' id='word_1_240' title='bbox 883 1319 902 1339; x_wconf 90' lang='lat' dir='ltr'><strong>a</strong></span> <span class='ocrx_word' id='word_1_241' title='bbox 926 1307 1144 1339; x_wconf 89' lang='lat' dir='ltr'><strong>Constantino</strong></span> <span class='ocrx_word' id='word_1_242' title='bbox 1166 1307 1364 1348; x_wconf 83' lang='lat' dir='ltr'><strong>imperatore</strong></span> <span class='ocrx_word' id='word_1_243' title='bbox 1387 1306 1507 1348; x_wconf 88' lang='lat' dir='ltr'><strong>adepto</strong></span> <span class='ocrx_word' id='word_1_244' title='bbox 1530 1309 1660 1337; x_wconf 88' lang='lat' dir='ltr'><strong>ostensa</strong></span> <span class='ocrx_word' id='word_1_245' title='bbox 1684 1317 1725 1336; x_wconf 82' lang='lat' dir='ltr'><strong>ex</strong></span> <span class='ocrx_word' id='word_1_246' title='bbox 1748 1305 1873 1346; x_wconf 83' lang='lat' dir='ltr'><strong>legibus</strong></span> <span class='ocrx_word' id='word_1_247' title='bbox 1897 1307 2099 1347; x_wconf 85' lang='lat' dir='ltr'><strong>pragmatica</strong></span> <span class='ocrx_word' id='word_1_248' title='bbox 2123 1316 2151 1335; x_wconf 82' lang='lat'><strong>20</strong></span> 
     </span>
     <span class='ocr_line' id='line_1_23' title="bbox 450 1358 2100 1401; baseline -0.001 -9"><span class='ocrx_word' id='word_1_249' title='bbox 450 1362 555 1392; x_wconf 80' lang='lat' dir='ltr'><strong>forma</strong></span> <span class='ocrx_word' id='word_1_250' title='bbox 579 1362 758 1398; x_wconf 85' lang='lat' dir='ltr'><strong>decertans,</strong></span> <span class='ocrx_word' id='word_1_251' title='bbox 783 1361 975 1392; x_wconf 86' lang='lat' dir='ltr'><strong>ostendente</strong></span> <span class='ocrx_word' id='word_1_252' title='bbox 999 1364 1130 1392; x_wconf 88' lang='lat' dir='ltr'><strong>econtra</strong></span> <span class='ocrx_word' id='word_1_253' title='bbox 1153 1360 1318 1391; x_wconf 88' lang='lat' dir='ltr'><strong>Eunomio</strong></span> <span class='ocrx_word' id='word_1_254' title='bbox 1341 1359 1618 1391; x_wconf 68' lang='lat' dir='ltr'><strong>Nichomedense*3</strong></span> <span class='ocrx_word' id='word_1_255' title='bbox 1640 1358 1866 1390; x_wconf 88' lang='lat' dir='ltr'><strong>Valentiniani</strong></span> <span class='ocrx_word' id='word_1_256' title='bbox 1890 1358 1990 1400; x_wconf 83' lang='lat' dir='ltr'><strong>legale</strong></span> <span class='ocrx_word' id='word_1_257' title='bbox 2012 1360 2100 1401; x_wconf 88' lang='lat' dir='ltr'><strong>capi—</strong></span> 
     </span>
     <span class='ocr_line' id='line_1_24' title="bbox 449 1412 2101 1455; baseline -0.002 -9"><span class='ocrx_word' id='word_1_258' title='bbox 449 1415 572 1451; x_wconf 84' lang='lat' dir='ltr'><strong>tulum,</strong></span> <span class='ocrx_word' id='word_1_259' title='bbox 592 1414 751 1455; x_wconf 88' lang='lat' dir='ltr'><strong>quoniam</strong></span> <span class='ocrx_word' id='word_1_260' title='bbox 771 1418 870 1445; x_wconf 88' lang='lat' dir='ltr'><strong>aucta</strong></span> <span class='ocrx_word' id='word_1_261' title='bbox 890 1417 939 1445; x_wconf 88' lang='lat' dir='ltr'><strong>est</strong></span> <span class='ocrx_word' id='word_1_262' title='bbox 959 1414 1102 1455; x_wconf 81' lang='lat' dir='ltr'><strong>dignitas</strong></span> <span class='ocrx_word' id='word_1_263' title='bbox 1120 1413 1442 1449; x_wconf 88' lang='lat' dir='ltr'><strong>Nichomedensium,</strong></span> <span class='ocrx_word' id='word_1_264' title='bbox 1464 1414 1545 1444; x_wconf 90' lang='lat' dir='ltr'><strong>dum</strong></span> <span class='ocrx_word' id='word_1_265' title='bbox 1566 1416 1690 1442; x_wconf 85' lang='lat' dir='ltr'><strong>secundo</strong></span> <span class='ocrx_word' id='word_1_266' title='bbox 1711 1416 1773 1442; x_wconf 83' lang='lat' dir='ltr'><strong>loco</strong></span> <span class='ocrx_word' id='word_1_267' title='bbox 1791 1412 1914 1443; x_wconf 88' lang='lat' dir='ltr'><strong>Nichea</strong></span> <span class='ocrx_word' id='word_1_268' title='bbox 1936 1417 2101 1450; x_wconf 75' lang='lat' dir='ltr'><strong>metropolis</strong></span> 
     </span>
     <span class='ocr_line' id='line_1_25' title="bbox 451 1465 2100 1503; baseline -0.002 -4"><span class='ocrx_word' id='word_1_269' title='bbox 451 1469 492 1500; x_wconf 89' lang='lat' dir='ltr'><strong>sit</strong></span> <span class='ocrx_word' id='word_1_270' title='bbox 509 1472 622 1497; x_wconf 82' lang='lat' dir='ltr'><strong>nomine</strong></span> <span class='ocrx_word' id='word_1_271' title='bbox 638 1468 820 1498; x_wconf 84' lang='lat' dir='ltr'><strong>constituta</strong></span> <span class='ocrx_word' id='word_1_272' title='bbox 830 1467 853 1498; x_wconf 86' lang='lat'><strong>⁹.</strong></span> <span class='ocrx_word' id='word_1_273' title='bbox 869 1467 914 1498; x_wconf 89' lang='lat' dir='ltr'><strong>Et</strong></span> <span class='ocrx_word' id='word_1_274' title='bbox 930 1467 1048 1498; x_wconf 80' lang='lat' dir='ltr'><strong>relecta</strong></span> <span class='ocrx_word' id='word_1_275' title='bbox 1065 1467 1228 1498; x_wconf 86' lang='lat' dir='ltr'><strong>sententia</strong></span> <span class='ocrx_word' id='word_1_276' title='bbox 1239 1466 1376 1498; x_wconf 85' lang='lat' dir='ltr'><strong>Nicheni</strong></span> <span class='ocrx_word' id='word_1_277' title='bbox 1392 1465 1565 1502; x_wconf 71' lang='lat' dir='ltr'><strong>conciliiw,</strong></span> <span class='ocrx_word' id='word_1_278' title='bbox 1583 1469 1631 1495; x_wconf 76' lang='lat' dir='ltr'><strong>utf</strong></span> <span class='ocrx_word' id='word_1_279' title='bbox 1647 1470 1677 1495; x_wconf 89' lang='lat' dir='ltr'><strong>in</strong></span> <span class='ocrx_word' id='word_1_280' title='bbox 1693 1477 1864 1503; x_wconf 81' lang='lat' dir='ltr'><strong>unaquaque</strong></span> <span class='ocrx_word' id='word_1_281' title='bbox 1881 1470 2027 1502; x_wconf 75' lang='lat' dir='ltr'><strong>provintia</strong></span> <span class='ocrx_word' id='word_1_282' title='bbox 2044 1478 2100 1496; x_wconf 85' lang='lat' dir='ltr'><strong>me-</strong></span> 
     </span>
     <span class='ocr_line' id='line_1_26' title="bbox 450 1519 2100 1558; baseline 0.001 -8"><span class='ocrx_word' id='word_1_283' title='bbox 450 1524 641 1558; x_wconf 82' lang='lat' dir='ltr'><strong>tropolitanus</strong></span> <span class='ocrx_word' id='word_1_284' title='bbox 661 1524 766 1550; x_wconf 82' lang='lat' dir='ltr'><strong>habeat</strong></span> <span class='ocrx_word' id='word_1_285' title='bbox 785 1527 960 1558; x_wconf 84' lang='lat' dir='ltr'><strong>potestatem</strong></span> <span class='ocrx_word' id='word_1_286' title='bbox 979 1527 1009 1549; x_wconf 86' lang='lat' dir='ltr'><strong>et</strong></span> <span class='ocrx_word' id='word_1_287' title='bbox 1027 1525 1087 1557; x_wconf 87' lang='lat' dir='ltr'><strong>ipse</strong></span> <span class='ocrx_word' id='word_1_288' title='bbox 1108 1524 1267 1550; x_wconf 85' lang='lat' dir='ltr'><strong>constituat</strong></span> <span class='ocrx_word' id='word_1_289' title='bbox 1286 1531 1393 1553; x_wconf 77' lang='lat' dir='ltr'><strong>omneS‚</strong></span> <span class='ocrx_word' id='word_1_290' title='bbox 1411 1524 1459 1556; x_wconf 84' lang='lat' dir='ltr'><strong>qui</strong></span> <span class='ocrx_word' id='word_1_291' title='bbox 1478 1523 1507 1548; x_wconf 88' lang='lat' dir='ltr'><strong>in</strong></span> <span class='ocrx_word' id='word_1_292' title='bbox 1527 1531 1561 1549; x_wconf 83' lang='lat' dir='ltr'><strong>ea</strong></span> <span class='ocrx_word' id='word_1_293' title='bbox 1580 1523 1726 1556; x_wconf 84' lang='lat' dir='ltr'><strong>provintia</strong></span> <span class='ocrx_word' id='word_1_294' title='bbox 1745 1525 1822 1553; x_wconf 87' lang='lat' dir='ltr'><strong>sunt,</strong></span> <span class='ocrx_word' id='word_1_295' title='bbox 1841 1523 1999 1556; x_wconf 87' lang='lat' dir='ltr'><strong>episcopos,</strong></span> <span class='ocrx_word' id='word_1_296' title='bbox 2017 1519 2100 1551; x_wconf 79' lang='lat' dir='ltr'><strong>iudi—</strong></span> 
     </span>
     <span class='ocr_line' id='line_1_27' title="bbox 450 1572 2151 1614; baseline -0.001 -9"><span class='ocrx_word' id='word_1_297' title='bbox 450 1578 565 1606; x_wconf 84' lang='lat' dir='ltr'><strong>catum</strong></span> <span class='ocrx_word' id='word_1_298' title='bbox 588 1578 637 1604; x_wconf 87' lang='lat' dir='ltr'><strong>est</strong></span> <span class='ocrx_word' id='word_1_299' title='bbox 659 1586 678 1605; x_wconf 87' lang='lat' dir='ltr'><strong>a</strong></span> <span class='ocrx_word' id='word_1_300' title='bbox 701 1575 823 1614; x_wconf 88' lang='lat' dir='ltr'><strong>synodo</strong></span> <span class='ocrx_word' id='word_1_301' title='bbox 846 1574 1095 1605; x_wconf 88' lang='lat' dir='ltr'><strong>decernentibus</strong></span> <span class='ocrx_word' id='word_1_302' title='bbox 1117 1572 1355 1614; x_wconf 80' lang='lat' dir='ltr'><strong>gloriosissimis</strong></span> <span class='ocrx_word' id='word_1_303' title='bbox 1377 1572 1551 1609; x_wconf 85' lang='lat' dir='ltr'><strong>iudicibus,</strong></span> <span class='ocrx_word' id='word_1_304' title='bbox 1576 1576 1614 1603; x_wconf 86' lang='lat' dir='ltr'><strong>ut</strong></span> <span class='ocrx_word' id='word_1_305' title='bbox 1636 1572 1906 1604; x_wconf 88' lang='lat' dir='ltr'><strong>Nichomedensis</strong></span> <span class='ocrx_word' id='word_1_306' title='bbox 1928 1573 2100 1614; x_wconf 86' lang='lat' dir='ltr'><strong>episcopus</strong></span> <span class='ocrx_word' id='word_1_307' title='bbox 2124 1580 2151 1601; x_wconf 84' lang='lat'><strong>25</strong></span> 
     </span>
     <span class='ocr_line' id='line_1_28' title="bbox 450 1625 2099 1668; baseline -0.001 -10"><span class='ocrx_word' id='word_1_308' title='bbox 450 1627 645 1659; x_wconf 80' lang='lat' dir='ltr'><strong>canonicam</strong></span> <span class='ocrx_word' id='word_1_309' title='bbox 661 1627 781 1658; x_wconf 85' lang='lat' dir='ltr'><strong>habeat</strong></span> <span class='ocrx_word' id='word_1_310' title='bbox 799 1627 833 1658; x_wconf 90' lang='lat' dir='ltr'><strong>in</strong></span> <span class='ocrx_word' id='word_1_311' title='bbox 851 1627 942 1658; x_wconf 87' lang='lat' dir='ltr'><strong>omni</strong></span> <span class='ocrx_word' id='word_1_312' title='bbox 962 1626 1127 1668; x_wconf 84' lang='lat' dir='ltr'><strong>provintia</strong></span> <span class='ocrx_word' id='word_1_313' title='bbox 1146 1630 1346 1668; x_wconf 86' lang='lat' dir='ltr'><strong>potestatem</strong></span> <span class='ocrx_word' id='word_1_314' title='bbox 1364 1629 1397 1656; x_wconf 88' lang='lat' dir='ltr'><strong>et</strong></span> <span class='ocrx_word' id='word_1_315' title='bbox 1414 1626 1581 1657; x_wconf 87' lang='lat' dir='ltr'><strong>Nichenus</strong></span> <span class='ocrx_word' id='word_1_316' title='bbox 1599 1625 1773 1667; x_wconf 87' lang='lat' dir='ltr'><strong>episcopus</strong></span> <span class='ocrx_word' id='word_1_317' title='bbox 1792 1626 1973 1657; x_wconf 86' lang='lat' dir='ltr'><strong>secundum</strong></span> <span class='ocrx_word' id='word_1_318' title='bbox 1991 1625 2099 1657; x_wconf 89' lang='lat' dir='ltr'><strong>locum</strong></span> 
     </span>
     <span class='ocr_line' id='line_1_29' title="bbox 453 1679 2100 1722; baseline -0.001 -11"><span class='ocrx_word' id='word_1_319' title='bbox 453 1684 529 1722; x_wconf 86' lang='lat' dir='ltr'><strong>post</strong></span> <span class='ocrx_word' id='word_1_320' title='bbox 543 1680 637 1712; x_wconf 89' lang='lat' dir='ltr'><strong>illum</strong></span> <span class='ocrx_word' id='word_1_321' title='bbox 651 1681 811 1721; x_wconf 82' lang='lat' dir='ltr'><strong>optineat.</strong></span> <span class='ocrx_word' id='word_1_322' title='bbox 835 1681 944 1721; x_wconf 88' lang='lat' dir='ltr'><strong>Atque</strong></span> <span class='ocrx_word' id='word_1_323' title='bbox 959 1681 994 1711; x_wconf 90' lang='lat' dir='ltr'><strong>in</strong></span> <span class='ocrx_word' id='word_1_324' title='bbox 1007 1681 1095 1711; x_wconf 85' lang='lat' dir='ltr'><strong>hunc</strong></span> <span class='ocrx_word' id='word_1_325' title='bbox 1111 1680 1247 1711; x_wconf 88' lang='lat' dir='ltr'><strong>modum</strong></span> <span class='ocrx_word' id='word_1_326' title='bbox 1262 1680 1379 1710; x_wconf 86' lang='lat' dir='ltr'><strong>civitas</strong></span> <span class='ocrx_word' id='word_1_327' title='bbox 1395 1679 1575 1711; x_wconf 84' lang='lat' dir='ltr'><strong>Calcedona</strong></span> <span class='ocrx_word' id='word_1_328' title='bbox 1591 1683 1726 1721; x_wconf 83' lang='lat' dir='ltr'><strong>propter</strong></span> <span class='ocrx_word' id='word_1_329' title='bbox 1740 1679 1905 1720; x_wconf 86' lang='lat' dir='ltr'><strong>synodum</strong></span> <span class='ocrx_word' id='word_1_330' title='bbox 1919 1679 2100 1720; x_wconf 84' lang='lat' dir='ltr'><strong>generalem</strong></span> 
     </span>
     <span class='ocr_line' id='line_1_30' title="bbox 451 1732 1659 1775; baseline -0.001 -11"><span class='ocrx_word' id='word_1_331' title='bbox 451 1735 573 1765; x_wconf 88' lang='lat' dir='ltr'><strong>ibidem</strong></span> <span class='ocrx_word' id='word_1_332' title='bbox 594 1734 743 1765; x_wconf 85' lang='lat' dir='ltr'><strong>habitam</strong></span> <span class='ocrx_word' id='word_1_333' title='bbox 763 1734 803 1765; x_wconf 86' lang='lat' dir='ltr'><strong>ab</strong></span> <span class='ocrx_word' id='word_1_334' title='bbox 826 1734 1041 1775; x_wconf 70' lang='lat' dir='ltr'><strong>imperatoreg</strong></span> <span class='ocrx_word' id='word_1_335' title='bbox 1063 1733 1316 1774; x_wconf 85' lang='lat' dir='ltr'><strong>metropolitana</strong></span> <span class='ocrx_word' id='word_1_336' title='bbox 1339 1733 1460 1764; x_wconf 86' lang='lat' dir='ltr'><strong>meruit</strong></span> <span class='ocrx_word' id='word_1_337' title='bbox 1482 1732 1659 1763; x_wconf 87' lang='lat' dir='ltr'><strong>nominari.</strong></span> 
     </span>
    </p>
   </div>
   <div class='ocr_carea' id='block_1_8' title="bbox 451 1794 2153 2205">
    <p class='ocr_par' dir='ltr' id='par_1_8' title="bbox 451 1794 2153 2205">
     <span class='ocr_line' id='line_1_31' title="bbox 539 1794 2101 1831; baseline -0.002 -5"><span class='ocrx_word' id='word_1_338' title='bbox 539 1797 587 1826; x_wconf 88' lang='grc'><strong>16.</strong></span> <span class='ocrx_word' id='word_1_339' title='bbox 603 1795 697 1826; x_wconf 84' lang='lat' dir='ltr'><strong>Unde</strong></span> <span class='ocrx_word' id='word_1_340' title='bbox 707 1795 958 1826; x_wconf 81' lang='lat' dir='ltr'><strong>Calcedonenses</strong></span> <span class='ocrx_word' id='word_1_341' title='bbox 970 1806 1111 1826; x_wconf 79' lang='lat' dir='ltr'><strong>canones</strong></span> <span class='ocrx_word' id='word_1_342' title='bbox 1124 1798 1311 1826; x_wconf 75' lang='lat' dir='ltr'><strong>statuerunt</strong></span> <span class='ocrx_word' id='word_1_343' title='bbox 1320 1794 1342 1814; x_wconf 74' lang='lat'><strong>¹¹</strong></span> <span class='ocrx_word' id='word_1_344' title='bbox 1351 1819 1357 1831; x_wconf 77' lang='lat'>‚</span> <span class='ocrx_word' id='word_1_345' title='bbox 1372 1799 1420 1830; x_wconf 78' lang='lat' dir='ltr'><strong>ut,</strong></span> <span class='ocrx_word' id='word_1_346' title='bbox 1434 1806 1631 1831; x_wconf 81' lang='lat' dir='ltr'><strong>quaecumque</strong></span> <span class='ocrx_word' id='word_1_347' title='bbox 1645 1799 1779 1824; x_wconf 80' lang='lat' dir='ltr'><strong>civitates</strong></span> <span class='ocrx_word' id='word_1_348' title='bbox 1790 1798 1895 1823; x_wconf 87' lang='lat' dir='ltr'><strong>litteris</strong></span> <span class='ocrx_word' id='word_1_349' title='bbox 1907 1798 2101 1831; x_wconf 84' lang='lat' dir='ltr'><strong>imperialibus</strong></span> 
     </span>
     <span class='ocr_line' id='line_1_32' title="bbox 452 1851 2153 1885; baseline 0 -8"><span class='ocrx_word' id='word_1_350' title='bbox 452 1851 665 1885; x_wconf 85' lang='lat' dir='ltr'><strong>metropolitani</strong></span> <span class='ocrx_word' id='word_1_351' title='bbox 683 1852 805 1878; x_wconf 87' lang='lat' dir='ltr'><strong>nominis</strong></span> <span class='ocrx_word' id='word_1_352' title='bbox 824 1852 930 1878; x_wconf 89' lang='lat' dir='ltr'><strong>honore</strong></span> <span class='ocrx_word' id='word_1_353' title='bbox 948 1851 1085 1878; x_wconf 84' lang='lat' dir='ltr'><strong>subnixae</strong></span> <span class='ocrx_word' id='word_1_354' title='bbox 1104 1855 1181 1882; x_wconf 85' lang='lat' dir='ltr'><strong>sunt,</strong></span> <span class='ocrx_word' id='word_1_355' title='bbox 1200 1851 1305 1877; x_wconf 87' lang='lat' dir='ltr'><strong>honore</strong></span> <span class='ocrx_word' id='word_1_356' title='bbox 1324 1852 1528 1878; x_wconf 81' lang='lat' dir='ltr'><strong>tantummodo</strong></span> <span class='ocrx_word' id='word_1_357' title='bbox 1547 1851 1743 1884; x_wconf 82' lang='lat' dir='ltr'><strong>perfruantur,</strong></span> <span class='ocrx_word' id='word_1_358' title='bbox 1761 1855 1792 1876; x_wconf 87' lang='lat' dir='ltr'><strong>et</strong></span> <span class='ocrx_word' id='word_1_359' title='bbox 1810 1852 1859 1884; x_wconf 91' lang='lat' dir='ltr'><strong>qui</strong></span> <span class='ocrx_word' id='word_1_360' title='bbox 1876 1851 2024 1877; x_wconf 83' lang='lat' dir='ltr'><strong>ecclesiam</strong></span> <span class='ocrx_word' id='word_1_361' title='bbox 2041 1852 2102 1877; x_wconf 88' lang='lat' dir='ltr'><strong>eius</strong></span> <span class='ocrx_word' id='word_1_362' title='bbox 2125 1856 2153 1876; x_wconf 81' lang='lat'><strong>30</strong></span> 
     </span>
     <span class='ocr_line' id='line_1_33' title="bbox 451 1900 2100 1939; baseline 0.001 -9"><span class='ocrx_word' id='word_1_363' title='bbox 451 1905 592 1939; x_wconf 81' lang='lat' dir='ltr'><strong>gubernat</strong></span> <span class='ocrx_word' id='word_1_364' title='bbox 610 1906 769 1939; x_wconf 85' lang='lat' dir='ltr'><strong>episcopus,</strong></span> <span class='ocrx_word' id='word_1_365' title='bbox 789 1906 875 1931; x_wconf 84' lang='lat' dir='ltr'><strong>salvis</strong></span> <span class='ocrx_word' id='word_1_366' title='bbox 895 1905 1003 1932; x_wconf 86' lang='lat' dir='ltr'><strong>scilicet</strong></span> <span class='ocrx_word' id='word_1_367' title='bbox 1022 1900 1308 1939; x_wconf 60' lang='lat' dir='ltr'><strong>venien-metropolis</strong></span> <span class='ocrx_word' id='word_1_368' title='bbox 1328 1904 1482 1938; x_wconf 84' lang='lat' dir='ltr'><strong>privilegiis</strong></span> <span class='ocrx_word' id='word_1_369' title='bbox 1503 1905 1569 1930; x_wconf 85' lang='lat' dir='ltr'><strong>suis.</strong></span> <span class='ocrx_word' id='word_1_370' title='bbox 1600 1901 1644 1931; x_wconf 75' lang='lat' dir='ltr'><strong>Et</strong></span> <span class='ocrx_word' id='word_1_371' title='bbox 1666 1901 1881 1932; x_wconf 70' lang='lat' dir='ltr'><strong>Innocentius</strong></span> <span class='ocrx_word' id='word_1_372' title='bbox 1900 1901 1942 1932; x_wconf 84' lang='lat' dir='ltr'><strong>ad</strong></span> <span class='ocrx_word' id='word_1_373' title='bbox 1959 1900 2100 1932; x_wconf 84' lang='lat' dir='ltr'><strong>Alexan-</strong></span> 
     </span>
     <span class='ocr_line' id='line_1_34' title="bbox 451 1955 2101 1996; baseline -0.001 -11"><span class='ocrx_word' id='word_1_374' title='bbox 451 1956 548 1986; x_wconf 79' lang='lat' dir='ltr'><strong>drum</strong></span> <span class='ocrx_word' id='word_1_375' title='bbox 566 1955 725 1986; x_wconf 58' lang='lat' dir='ltr'><strong>scribitffl:</strong></span> <span class='ocrx_word' id='word_1_376' title='bbox 745 1958 790 1984; x_wconf 87' lang='lat' dir='ltr'><strong>Ad</strong></span> <span class='ocrx_word' id='word_1_377' title='bbox 806 1958 1006 1989; x_wconf 86' lang='lat' dir='ltr'><strong>mobilitatem,</strong></span> <span class='ocrx_word' id='word_1_378' title='bbox 1025 1955 1188 1996; x_wconf 67' lang='lat' dir='ltr'><strong>inquiens,</strong></span> <span class='ocrx_word' id='word_1_379' title='bbox 1204 1957 1469 1984; x_wconf 83' lang='lat' dir='ltr'><strong>necessitudinum</strong></span> <span class='ocrx_word' id='word_1_380' title='bbox 1489 1957 1700 1984; x_wconf 83' lang='lat' dir='ltr'><strong>mundanarum</strong></span> <span class='ocrx_word' id='word_1_381' title='bbox 1716 1958 1769 1984; x_wconf 87' lang='lat' dir='ltr'><strong>Dei</strong></span> <span class='ocrx_word' id='word_1_382' title='bbox 1787 1958 1935 1984; x_wconf 83' lang='lat' dir='ltr'><strong>ecclesiam</strong></span> <span class='ocrx_word' id='word_1_383' title='bbox 1949 1966 2007 1983; x_wconf 91' lang='lat' dir='ltr'><strong>non</strong></span> <span class='ocrx_word' id='word_1_384' title='bbox 2026 1966 2101 1984; x_wconf 85' lang='lat' dir='ltr'><strong>com-</strong></span> 
     </span>
     <span class='ocr_line' id='line_1_35' title="bbox 453 2005 2101 2045; baseline 0.001 -9"><span class='ocrx_word' id='word_1_385' title='bbox 453 2012 557 2037; x_wconf 82' lang='lat' dir='ltr'><strong>mutari</strong></span> <span class='ocrx_word' id='word_1_386' title='bbox 578 2011 752 2045; x_wconf 87' lang='lat' dir='ltr'><strong>honoresque</strong></span> <span class='ocrx_word' id='word_1_387' title='bbox 774 2015 826 2037; x_wconf 84' lang='lat' dir='ltr'><strong>aut</strong></span> <span class='ocrx_word' id='word_1_388' title='bbox 846 2012 999 2038; x_wconf 85' lang='lat' dir='ltr'><strong>divisiones</strong></span> <span class='ocrx_word' id='word_1_389' title='bbox 1021 2012 1142 2045; x_wconf 85' lang='lat' dir='ltr'><strong>perpeti,</strong></span> <span class='ocrx_word' id='word_1_390' title='bbox 1164 2020 1234 2045; x_wconf 85' lang='lat' dir='ltr'><strong>quas</strong></span> <span class='ocrx_word' id='word_1_391' title='bbox 1255 2019 1307 2045; x_wconf 89' lang='lat' dir='ltr'><strong>pro</strong></span> <span class='ocrx_word' id='word_1_392' title='bbox 1327 2011 1385 2036; x_wconf 79' lang='lat' dir='ltr'><strong>suis</strong></span> <span class='ocrx_word' id='word_1_393' title='bbox 1407 2011 1498 2037; x_wconf 84' lang='lat' dir='ltr'><strong>causis</strong></span> <span class='ocrx_word' id='word_1_394' title='bbox 1519 2005 1683 2036; x_wconf 81' lang='lat' dir='ltr'><strong>faciendisi</strong></span> <span class='ocrx_word' id='word_1_395' title='bbox 1705 2011 1820 2037; x_wconf 84' lang='lat' dir='ltr'><strong>duxerit</strong></span> <span class='ocrx_word' id='word_1_396' title='bbox 1838 2012 2002 2044; x_wconf 85' lang='lat' dir='ltr'><strong>imperator.</strong></span> <span class='ocrx_word' id='word_1_397' title='bbox 2026 2011 2101 2044; x_wconf 89' lang='lat' dir='ltr'><strong>Ergo</strong></span> 
     </span>
     <span class='ocr_line' id='line_1_36' title="bbox 452 2061 2100 2098; baseline 0 -9"><span class='ocrx_word' id='word_1_398' title='bbox 452 2064 607 2090; x_wconf 83' lang='lat' dir='ltr'><strong>seeundum</strong></span> <span class='ocrx_word' id='word_1_399' title='bbox 623 2065 776 2098; x_wconf 81' lang='lat' dir='ltr'><strong>pristinum</strong></span> <span class='ocrx_word' id='word_1_400' title='bbox 792 2066 1001 2098; x_wconf 85' lang='lat' dir='ltr'><strong>provintiarum</strong></span> <span class='ocrx_word' id='word_1_401' title='bbox 1018 2074 1125 2091; x_wconf 86' lang='lat' dir='ltr'><strong>morem</strong></span> <span class='ocrx_word' id='word_1_402' title='bbox 1141 2064 1377 2098; x_wconf 84' lang='lat' dir='ltr'><strong>metropolitanos</strong></span> <span class='ocrx_word' id='word_1_403' title='bbox 1392 2064 1540 2097; x_wconf 88' lang='lat' dir='ltr'><strong>episcopos</strong></span> <span class='ocrx_word' id='word_1_404' title='bbox 1556 2064 1691 2090; x_wconf 80' lang='lat' dir='ltr'><strong>convenit</strong></span> <span class='ocrx_word' id='word_1_405' title='bbox 1705 2065 1858 2090; x_wconf 85' lang='lat' dir='ltr'><strong>numerari.</strong></span> <span class='ocrx_word' id='word_1_406' title='bbox 1884 2061 1928 2092; x_wconf 90' lang='lat' dir='ltr'><strong>Et</strong></span> <span class='ocrx_word' id='word_1_407' title='bbox 1943 2061 2019 2092; x_wconf 80' lang='lat' dir='ltr'><strong>hinc</strong></span> <span class='ocrx_word' id='word_1_408' title='bbox 2036 2061 2100 2092; x_wconf 83' lang='lat' dir='ltr'><strong>Leo</strong></span> 
     </span>
     <span class='ocr_line' id='line_1_37' title="bbox 452 2114 2153 2152; baseline -0.001 -7"><span class='ocrx_word' id='word_1_409' title='bbox 452 2114 494 2145; x_wconf 82' lang='lat' dir='ltr'><strong>ad</strong></span> <span class='ocrx_word' id='word_1_410' title='bbox 506 2114 720 2145; x_wconf 81' lang='lat' dir='ltr'><strong>Anastasium</strong></span> <span class='ocrx_word' id='word_1_411' title='bbox 738 2115 810 2145; x_wconf 73' lang='lat' dir='ltr'><strong>dicii</strong></span> <span class='ocrx_word' id='word_1_412' title='bbox 824 2114 864 2145; x_wconf 76' lang='lat'><strong>¹³:</strong></span> <span class='ocrx_word' id='word_1_413' title='bbox 885 2118 977 2152; x_wconf 81' lang='lat' dir='ltr'><strong>Igitur</strong></span> <span class='ocrx_word' id='word_1_414' title='bbox 994 2118 1151 2144; x_wconf 77' lang='lat' dir='ltr'><strong>seeundum</strong></span> <span class='ocrx_word' id='word_1_415' title='bbox 1169 2120 1334 2144; x_wconf 86' lang='lat' dir='ltr'><strong>sanctorum</strong></span> <span class='ocrx_word' id='word_1_416' title='bbox 1352 2120 1468 2151; x_wconf 87' lang='lat' dir='ltr'><strong>patrum</strong></span> <span class='ocrx_word' id='word_1_417' title='bbox 1487 2125 1608 2143; x_wconf 86' lang='lat' dir='ltr'><strong>canones</strong></span> <span class='ocrx_word' id='word_1_418' title='bbox 1627 2117 1730 2150; x_wconf 86' lang='lat' dir='ltr'><strong>spiritu</strong></span> <span class='ocrx_word' id='word_1_419' title='bbox 1746 2117 1798 2143; x_wconf 88' lang='lat' dir='ltr'><strong>Dei</strong></span> <span class='ocrx_word' id='word_1_420' title='bbox 1814 2118 1945 2143; x_wconf 82' lang='lat' dir='ltr'><strong>conditos</strong></span> <span class='ocrx_word' id='word_1_421' title='bbox 1962 2121 1993 2143; x_wconf 92' lang='lat' dir='ltr'><strong>et</strong></span> <span class='ocrx_word' id='word_1_422' title='bbox 2011 2119 2101 2143; x_wconf 86' lang='lat' dir='ltr'><strong>totius</strong></span> <span class='ocrx_word' id='word_1_423' title='bbox 2125 2120 2153 2141; x_wconf 83' lang='lat'><strong>35</strong></span> 
     </span>
     <span class='ocr_line' id='line_1_38' title="bbox 454 2170 2099 2205; baseline 0.001 -10"><span class='ocrx_word' id='word_1_424' title='bbox 454 2170 552 2196; x_wconf 88' lang='lat' dir='ltr'><strong>mundi</strong></span> <span class='ocrx_word' id='word_1_425' title='bbox 576 2171 735 2196; x_wconf 83' lang='lat' dir='ltr'><strong>reverentia</strong></span> <span class='ocrx_word' id='word_1_426' title='bbox 759 2175 937 2197; x_wconf 84' lang='lat' dir='ltr'><strong>consecratos</strong></span> <span class='ocrx_word' id='word_1_427' title='bbox 962 2171 1198 2205; x_wconf 85' lang='lat' dir='ltr'><strong>metropolitanos</strong></span> <span class='ocrx_word' id='word_1_428' title='bbox 1222 2171 1397 2205; x_wconf 82' lang='lat' dir='ltr'><strong>singularum</strong></span> <span class='ocrx_word' id='word_1_429' title='bbox 1422 2171 1632 2204; x_wconf 83' lang='lat' dir='ltr'><strong>provintiarum</strong></span> <span class='ocrx_word' id='word_1_430' title='bbox 1656 2171 1804 2204; x_wconf 82' lang='lat' dir='ltr'><strong>episcopos</strong></span> <span class='ocrx_word' id='word_1_431' title='bbox 1828 2171 1872 2196; x_wconf 89' lang='lat' dir='ltr'><strong>ius</strong></span> <span class='ocrx_word' id='word_1_432' title='bbox 1897 2171 2021 2197; x_wconf 80' lang='lat' dir='ltr'><strong>traditae</strong></span> <span class='ocrx_word' id='word_1_433' title='bbox 2047 2171 2099 2196; x_wconf 89' lang='lat' dir='ltr'><strong>sibi</strong></span> 
     </span>
    </p>
   </div>
   <div class='ocr_carea' id='block_1_9' title="bbox 559 2232 1099 2238">
    <p class='ocr_par' dir='ltr' id='par_1_9' title="bbox 559 2232 1099 2238">
     <span class='ocr_line' id='line_1_39' title="bbox 559 2232 1099 2238; baseline 0 0"><span class='ocrx_word' id='word_1_434' title='bbox 559 2232 1099 2238; x_wconf 95' lang='lat' dir='ltr'><strong> </strong></span> 
     </span>
    </p>
   </div>
   <div class='ocr_carea' id='block_1_10' title="bbox 1450 2234 1992 2236">
    <p class='ocr_par' dir='ltr' id='par_1_10' title="bbox 1450 2234 1992 2236">
     <span class='ocr_line' id='line_1_40' title="bbox 1450 2234 1992 2236; baseline 0 0"><span class='ocrx_word' id='word_1_435' title='bbox 1450 2234 1992 2236; x_wconf 95' lang='lat' dir='ltr'><strong> </strong></span> 
     </span>
    </p>
   </div>
   <div class='ocr_carea' id='block_1_11' title="bbox 1269 2234 1992 2237">
    <p class='ocr_par' dir='ltr' id='par_1_11' title="bbox 1269 2234 1992 2237">
     <span class='ocr_line' id='line_1_41' title="bbox 1269 2234 1992 2237; baseline 0 0"><span class='ocrx_word' id='word_1_436' title='bbox 1269 2234 1992 2237; x_wconf 95' lang='lat' dir='ltr'><strong> </strong></span> 
     </span>
    </p>
   </div>
   <div class='ocr_carea' id='block_1_12' title="bbox 454 2272 2100 2393">
    <p class='ocr_par' dir='ltr' id='par_1_12' title="bbox 454 2272 2100 2393">
     <span class='ocr_line' id='line_1_42' title="bbox 531 2272 2099 2304; baseline 0 -8"><span class='ocrx_word' id='word_1_437' title='bbox 531 2276 554 2303; x_wconf 75' lang='lat'><strong>³)</strong></span> <span class='ocrx_word' id='word_1_438' title='bbox 566 2272 711 2296; x_wconf 71' lang='lat' dir='ltr'><strong>Zeilenende</strong></span> <span class='ocrx_word' id='word_1_439' title='bbox 721 2276 826 2298; x_wconf 54' lang='lat' dir='ltr'><strong>:ersmrt</strong></span> <span class='ocrx_word' id='word_1_440' title='bbox 837 2273 921 2304; x_wconf 69' lang='lat' dir='ltr'><strong>jerioch</strong></span> <span class='ocrx_word' id='word_1_441' title='bbox 930 2274 972 2304; x_wconf 70' lang='lat' dir='ltr'><strong>jilr</strong></span> <span class='ocrx_word' id='word_1_442' title='bbox 983 2275 1044 2299; x_wconf 61' lang='lat' dir='ltr'><strong>dna.</strong></span> <span class='ocrx_word' id='word_1_443' title='bbox 1053 2274 1098 2297; x_wconf 71' lang='lat' dir='ltr'><strong>wie</strong></span> <span class='ocrx_word' id='word_1_444' title='bbox 1108 2282 1136 2297; x_wconf 73' lang='lat' dir='ltr'><strong>zu</strong></span> <span class='ocrx_word' id='word_1_445' title='bbox 1148 2276 1267 2304; x_wconf 61' lang='lat' dir='ltr'><strong>erqiinzen</strong></span> <span class='ocrx_word' id='word_1_446' title='bbox 1276 2282 1319 2297; x_wconf 76' lang='lat' dir='ltr'><strong>mn</strong></span> <span class='ocrx_word' id='word_1_447' title='bbox 1325 2273 1442 2297; x_wconf 62' lang='lat' dir='ltr'><strong>ncichsten</strong></span> <span class='ocrx_word' id='word_1_448' title='bbox 1450 2273 1510 2304; x_wconf 69' lang='lat' dir='ltr'><strong>liiqe.</strong></span> <span class='ocrx_word' id='word_1_449' title='bbox 1520 2273 1596 2296; x_wconf 61' lang='lat' dir='ltr'><strong>lenum</strong></span> <span class='ocrx_word' id='word_1_450' title='bbox 1603 2273 1766 2297; x_wconf 77' lang='lat' dir='ltr'><strong>ausreichend</strong></span> <span class='ocrx_word' id='word_1_451' title='bbox 1774 2273 1858 2296; x_wconf 62' lang='lat' dir='ltr'><strong>Rama</strong></span> <span class='ocrx_word' id='word_1_452' title='bbox 1870 2273 1900 2297; x_wconf 88' lang='lat' dir='ltr'><strong>B.</strong></span> <span class='ocrx_word' id='word_1_453' title='bbox 1968 2272 1992 2303; x_wconf 69' lang='lat' dir='ltr'><strong>t¹)</strong></span> <span class='ocrx_word' id='word_1_454' title='bbox 2003 2273 2099 2297; x_wconf 76' lang='lat' dir='ltr'><strong>Zeilen-</strong></span> 
     </span>
     <span class='ocr_line' id='line_1_43' title="bbox 454 2316 2099 2348; baseline 0.001 -9"><span class='ocrx_word' id='word_1_455' title='bbox 454 2317 513 2340; x_wconf 75' lang='lat' dir='ltr'><strong>ende</strong></span> <span class='ocrx_word' id='word_1_456' title='bbox 524 2319 621 2340; x_wconf 69' lang='lat' dir='ltr'><strong>:ersldrt</strong></span> <span class='ocrx_word' id='word_1_457' title='bbox 634 2317 664 2340; x_wconf 78' lang='lat' dir='ltr'><strong>B.</strong></span> <span class='ocrx_word' id='word_1_458' title='bbox 682 2316 731 2347; x_wconf 73' lang='lat' dir='ltr'><em>Vql.</em></span> <span class='ocrx_word' id='word_1_459' title='bbox 744 2318 831 2348; x_wconf 71' lang='lat' dir='ltr'><strong>Miyne</strong></span> <span class='ocrx_word' id='word_1_460' title='bbox 843 2319 898 2345; x_wconf 81' lang='lat'><strong>126,</strong></span> <span class='ocrx_word' id='word_1_461' title='bbox 910 2319 966 2342; x_wconf 69' lang='lat'><strong>344.</strong></span> <span class='ocrx_word' id='word_1_462' title='bbox 1051 2321 1073 2345; x_wconf 79' lang='lat'><strong>“)</strong></span> <span class='ocrx_word' id='word_1_463' title='bbox 1092 2318 1108 2341; x_wconf 89' lang='lat' dir='ltr'><strong>d</strong></span> <span class='ocrx_word' id='word_1_464' title='bbox 1120 2318 1181 2342; x_wconf 65' lang='lat' dir='ltr'><strong>verb.</strong></span> <span class='ocrx_word' id='word_1_465' title='bbox 1196 2319 1226 2342; x_wconf 88' lang='grc' dir='ltr'><strong>Β.</strong></span> <span class='ocrx_word' id='word_1_466' title='bbox 1313 2317 1337 2347; x_wconf 82' lang='lat' dir='ltr'><strong>d)</strong></span> <span class='ocrx_word' id='word_1_467' title='bbox 1353 2317 1456 2341; x_wconf 78' lang='lat' dir='ltr'><strong>Zweites</strong></span> <span class='ocrx_word' id='word_1_468' title='bbox 1467 2326 1483 2341; x_wconf 89' lang='lat' dir='ltr'><strong>n</strong></span> <span class='ocrx_word' id='word_1_469' title='bbox 1495 2317 1558 2341; x_wconf 81' lang='lat' dir='ltr'><strong>verb.</strong></span> <span class='ocrx_word' id='word_1_470' title='bbox 1572 2317 1602 2341; x_wconf 86' lang='grc' dir='ltr'><strong>Β.</strong></span> <span class='ocrx_word' id='word_1_471' title='bbox 1688 2319 1711 2346; x_wconf 77' lang='lat' dir='ltr'><strong>e)</strong></span> <span class='ocrx_word' id='word_1_472' title='bbox 1730 2325 1755 2340; x_wconf 88' lang='lat' dir='ltr'><strong>m</strong></span> <span class='ocrx_word' id='word_1_473' title='bbox 1766 2317 1812 2347; x_wconf 73' lang='lat' dir='ltr'><strong>aus</strong></span> <span class='ocrx_word' id='word_1_474' title='bbox 1824 2317 1884 2341; x_wconf 70' lang='lat' dir='ltr'><strong>Bas.</strong></span> <span class='ocrx_word' id='word_1_475' title='bbox 1898 2317 1928 2341; x_wconf 77' lang='lat' dir='ltr'><strong>B.</strong></span> <span class='ocrx_word' id='word_1_476' title='bbox 2015 2316 2034 2347; x_wconf 78' lang='lat' dir='ltr'><strong>f)</strong></span> <span class='ocrx_word' id='word_1_477' title='bbox 2046 2317 2099 2347; x_wconf 61' lang='grc' dir='ltr'><strong>ΑΗ)</strong></span> 
     </span>
     <span class='ocr_line' id='line_1_44' title="bbox 456 2358 2100 2393; baseline 0.001 -10"><span class='ocrx_word' id='word_1_478' title='bbox 456 2360 516 2384; x_wconf 68' lang='lat' dir='ltr'><strong>Rus.</strong></span> <span class='ocrx_word' id='word_1_479' title='bbox 531 2360 725 2385; x_wconf 69' lang='lat' dir='ltr'><strong>ngeilenende</strong></span> <span class='ocrx_word' id='word_1_480' title='bbox 742 2361 772 2385; x_wconf 88' lang='lat' dir='ltr'><strong>B.</strong></span> <span class='ocrx_word' id='word_1_481' title='bbox 844 2364 866 2391; x_wconf 63' lang='grc' dir='ltr'><strong>ἓ)</strong></span> <span class='ocrx_word' id='word_1_482' title='bbox 879 2361 1004 2385; x_wconf 67' lang='lat' dir='ltr'><strong>Zwischen</strong></span> <span class='ocrx_word' id='word_1_483' title='bbox 1018 2370 1034 2393; x_wconf 82' lang='lat' dir='ltr'><strong>p</strong></span> <span class='ocrx_word' id='word_1_484' title='bbox 1045 2363 1097 2386; x_wconf 59' lang='lat' dir='ltr'><strong>wad</strong></span> <span class='ocrx_word' id='word_1_485' title='bbox 1106 2371 1119 2386; x_wconf 78' lang='grc' dir='ltr'><strong>ε’</strong></span> <span class='ocrx_word' id='word_1_486' title='bbox 1132 2365 1143 2386; x_wconf 97' lang='grc'><em>1</em></span> <span class='ocrx_word' id='word_1_487' title='bbox 1158 2362 1259 2386; x_wconf 72' lang='lat' dir='ltr'><strong>Bnchsr.</strong></span> <span class='ocrx_word' id='word_1_488' title='bbox 1271 2363 1324 2386; x_wconf 78' lang='lat' dir='ltr'><strong>rad.</strong></span> <span class='ocrx_word' id='word_1_489' title='bbox 1340 2362 1371 2386; x_wconf 90' lang='lat' dir='ltr'><strong>B.</strong></span> <span class='ocrx_word' id='word_1_490' title='bbox 1440 2360 1465 2391; x_wconf 74' lang='lat'><strong>¹¹)</strong></span> <span class='ocrx_word' id='word_1_491' title='bbox 1479 2361 1546 2386; x_wconf 72' lang='lat' dir='ltr'><strong>Verb.</strong></span> <span class='ocrx_word' id='word_1_492' title='bbox 1557 2369 1586 2384; x_wconf 74' lang='lat' dir='ltr'><strong>zu</strong></span> <span class='ocrx_word' id='word_1_493' title='bbox 1598 2369 1656 2384; x_wconf 73' lang='lat' dir='ltr'><strong>vere</strong></span> <span class='ocrx_word' id='word_1_494' title='bbox 1670 2361 1699 2385; x_wconf 75' lang='lat' dir='ltr'><strong>B.</strong></span> <span class='ocrx_word' id='word_1_495' title='bbox 1769 2358 1788 2389; x_wconf 75' lang='grc' dir='ltr'><strong>ἰ)</strong></span> <span class='ocrx_word' id='word_1_496' title='bbox 1801 2361 1904 2385; x_wconf 74' lang='lat' dir='ltr'><strong>Zweites</strong></span> <span class='ocrx_word' id='word_1_497' title='bbox 1917 2362 1924 2386; x_wconf 91' lang='lat' dir='ltr'><strong>i</strong></span> <span class='ocrx_word' id='word_1_498' title='bbox 1936 2361 1982 2392; x_wconf 78' lang='lat' dir='ltr'><strong>auf</strong></span> <span class='ocrx_word' id='word_1_499' title='bbox 1994 2361 2054 2385; x_wconf 73' lang='lat' dir='ltr'><strong>Ros.</strong></span> <span class='ocrx_word' id='word_1_500' title='bbox 2070 2362 2100 2385; x_wconf 88' lang='grc' dir='ltr'><strong>Β.</strong></span> 
     </span>
    </p>
   </div>
   <div class='ocr_carea' id='block_1_13' title="bbox 454 2439 2151 2825">
    <p class='ocr_par' dir='ltr' id='par_1_13' title="bbox 454 2439 2151 2825">
     <span class='ocr_line' id='line_1_45' title="bbox 548 2439 2151 2474; baseline 0.002 -10"><span class='ocrx_word' id='word_1_501' title='bbox 548 2440 572 2470; x_wconf 89' lang='lat' dir='ltr'><strong>l)</strong></span> <span class='ocrx_word' id='word_1_502' title='bbox 590 2439 645 2471; x_wconf 59' lang='lat'><strong>1²91.</strong></span> <span class='ocrx_word' id='word_1_503' title='bbox 666 2439 756 2464; x_wconf 76' lang='lat' dir='ltr'><strong>Neues</strong></span> <span class='ocrx_word' id='word_1_504' title='bbox 776 2439 876 2465; x_wconf 73' lang='lat' dir='ltr'><strong>Archiv</strong></span> <span class='ocrx_word' id='word_1_505' title='bbox 895 2440 938 2471; x_wconf 82' lang='grc'><strong>44,</strong></span> <span class='ocrx_word' id='word_1_506' title='bbox 958 2440 1001 2465; x_wconf 77' lang='lat'><strong>56.</strong></span> <span class='ocrx_word' id='word_1_507' title='bbox 1095 2442 1122 2471; x_wconf 81' lang='lat'><strong>2)</strong></span> <span class='ocrx_word' id='word_1_508' title='bbox 1143 2441 1206 2466; x_wconf 78' lang='lat' dir='ltr'><strong>MG.</strong></span> <span class='ocrx_word' id='word_1_509' title='bbox 1222 2441 1310 2474; x_wconf 71' lang='lat' dir='ltr'><strong>Epist.</strong></span> <span class='ocrx_word' id='word_1_510' title='bbox 1325 2441 1368 2471; x_wconf 89' lang='lat' dir='ltr'><strong>II,</strong></span> <span class='ocrx_word' id='word_1_511' title='bbox 1389 2440 1442 2465; x_wconf 72' lang='lat'><strong>214</strong></span> <span class='ocrx_word' id='word_1_512' title='bbox 1462 2440 1554 2473; x_wconf 86' lang='lat' dir='ltr'><em>(J.-E.</em></span> <span class='ocrx_word' id='word_1_513' title='bbox 1574 2440 1671 2472; x_wconf 81' lang='grc'><em>1751).</em></span> <span class='ocrx_word' id='word_1_514' title='bbox 1766 2440 1794 2471; x_wconf 87' lang='grc'><strong>3)</strong></span> <span class='ocrx_word' id='word_1_515' title='bbox 1811 2440 1828 2473; x_wconf 84' lang='lat'><em>†</em></span> <span class='ocrx_word' id='word_1_516' title='bbox 1844 2440 1905 2466; x_wconf 64' lang='lat'><strong>‹3¹:31-</strong></span> <span class='ocrx_word' id='word_1_517' title='bbox 1997 2442 2024 2473; x_wconf 88' lang='lat'><strong>4)</strong></span> <span class='ocrx_word' id='word_1_518' title='bbox 2043 2440 2099 2473; x_wconf 76' lang='lat' dir='ltr'><em>Vql.</em></span> <span class='ocrx_word' id='word_1_519' title='bbox 2124 2447 2151 2467; x_wconf 79' lang='lat'><strong>40</strong></span> 
     </span>
     <span class='ocr_line' id='line_1_46' title="bbox 455 2483 2100 2518; baseline 0.001 -11"><span class='ocrx_word' id='word_1_520' title='bbox 455 2483 505 2507; x_wconf 73' lang='lat' dir='ltr'><strong>(len</strong></span> <span class='ocrx_word' id='word_1_521' title='bbox 524 2483 601 2515; x_wconf 72' lang='lat' dir='ltr'><strong>Bries</strong></span> <span class='ocrx_word' id='word_1_522' title='bbox 614 2483 744 2513; x_wconf 69' lang='lat' dir='ltr'><strong>Alkuins,</strong></span> <span class='ocrx_word' id='word_1_523' title='bbox 767 2484 830 2509; x_wconf 72' lang='lat' dir='ltr'><strong>Mo.</strong></span> <span class='ocrx_word' id='word_1_524' title='bbox 849 2484 937 2516; x_wconf 73' lang='lat' dir='ltr'><strong>Epist.</strong></span> <span class='ocrx_word' id='word_1_525' title='bbox 955 2483 1004 2514; x_wconf 78' lang='lat' dir='ltr'><strong>IV,</strong></span> <span class='ocrx_word' id='word_1_526' title='bbox 1025 2484 1077 2509; x_wconf 76' lang='grc'><strong>303</strong></span> <span class='ocrx_word' id='word_1_527' title='bbox 1097 2485 1147 2510; x_wconf 80' lang='lat' dir='ltr'><strong>Nr.</strong></span> <span class='ocrx_word' id='word_1_528' title='bbox 1162 2485 1227 2515; x_wconf 70' lang='lat'><em>22:3;</em></span> <span class='ocrx_word' id='word_1_529' title='bbox 1254 2485 1324 2510; x_wconf 69' lang='lat' dir='ltr'><strong>‹Iazu</strong></span> <span class='ocrx_word' id='word_1_530' title='bbox 1343 2485 1408 2510; x_wconf 69' lang='grc' dir='ltr'><strong>ΜΘ.</strong></span> <span class='ocrx_word' id='word_1_531' title='bbox 1431 2484 1504 2510; x_wconf 73' lang='lat' dir='ltr'><strong>Poet.</strong></span> <span class='ocrx_word' id='word_1_532' title='bbox 1526 2484 1571 2509; x_wconf 82' lang='lat' dir='ltr'><strong>lat.</strong></span> <span class='ocrx_word' id='word_1_533' title='bbox 1592 2484 1618 2513; x_wconf 86' lang='lat' dir='ltr'><strong>I,</strong></span> <span class='ocrx_word' id='word_1_534' title='bbox 1639 2484 1705 2509; x_wconf 79' lang='lat'><em>565:</em></span> <span class='ocrx_word' id='word_1_535' title='bbox 1726 2483 1811 2509; x_wconf 84' lang='lat' dir='ltr'><strong>Cuius</strong></span> <span class='ocrx_word' id='word_1_536' title='bbox 1830 2493 1881 2517; x_wconf 75' lang='lat' dir='ltr'><strong>ego</strong></span> <span class='ocrx_word' id='word_1_537' title='bbox 1901 2485 1996 2518; x_wconf 80' lang='lat' dir='ltr'><strong>accepi</strong></span> <span class='ocrx_word' id='word_1_538' title='bbox 2015 2484 2100 2517; x_wconf 85' lang='lat' dir='ltr'><strong>pallia</strong></span> 
     </span>
     <span class='ocr_line' id='line_1_47' title="bbox 454 2527 2098 2562; baseline 0.002 -11"><span class='ocrx_word' id='word_1_539' title='bbox 454 2530 554 2552; x_wconf 75' lang='lat' dir='ltr'><strong>sancta</strong></span> <span class='ocrx_word' id='word_1_540' title='bbox 574 2536 667 2552; x_wconf 68' lang='lat' dir='ltr'><strong>manu,</strong></span> <span class='ocrx_word' id='word_1_541' title='bbox 688 2527 781 2557; x_wconf 68' lang='lat' dir='ltr'><strong>Lesne,</strong></span> <span class='ocrx_word' id='word_1_542' title='bbox 801 2527 841 2552; x_wconf 81' lang='lat' dir='ltr'><strong>La</strong></span> <span class='ocrx_word' id='word_1_543' title='bbox 858 2528 1005 2553; x_wconf 56' lang='lat' dir='ltr'><strong>hie‘rarrhip</strong></span> <span class='ocrx_word' id='word_1_544' title='bbox 1024 2529 1175 2562; x_wconf 55' lang='lat' dir='ltr'><strong>episcopale.</strong></span> <span class='ocrx_word' id='word_1_545' title='bbox 1193 2529 1221 2554; x_wconf 88' lang='lat' dir='ltr'><strong>S.</strong></span> <span class='ocrx_word' id='word_1_546' title='bbox 1238 2529 1294 2561; x_wconf 72' lang='lat' dir='ltr'><strong>Hs.</strong></span> <span class='ocrx_word' id='word_1_547' title='bbox 1407 2529 1435 2556; x_wconf 88' lang='grc'><strong>5)</strong></span> <span class='ocrx_word' id='word_1_548' title='bbox 1459 2528 1516 2561; x_wconf 77' lang='lat' dir='ltr'><strong>Vql.</strong></span> <span class='ocrx_word' id='word_1_549' title='bbox 1533 2527 1599 2554; x_wconf 76' lang='lat' dir='ltr'><strong>oben</strong></span> <span class='ocrx_word' id='word_1_550' title='bbox 1614 2527 1643 2553; x_wconf 91' lang='lat' dir='ltr'><strong>S.</strong></span> <span class='ocrx_word' id='word_1_551' title='bbox 1657 2529 1674 2553; x_wconf 74' lang='lat'><em>2</em></span> <span class='ocrx_word' id='word_1_552' title='bbox 1690 2528 1724 2554; x_wconf 86' lang='lat' dir='ltr'><strong>A.</strong></span> <span class='ocrx_word' id='word_1_553' title='bbox 1740 2529 1765 2553; x_wconf 75' lang='lat'><strong>5.</strong></span> <span class='ocrx_word' id='word_1_554' title='bbox 1878 2529 1906 2560; x_wconf 75' lang='lat'><strong>0)</strong></span> <span class='ocrx_word' id='word_1_555' title='bbox 1928 2528 1984 2561; x_wconf 77' lang='lat' dir='ltr'><em>Vql.</em></span> <span class='ocrx_word' id='word_1_556' title='bbox 2005 2529 2098 2554; x_wconf 61' lang='lat' dir='ltr'><strong>Milli]-</strong></span> 
     </span>
     <span class='ocr_line' id='line_1_48' title="bbox 455 2571 2098 2605; baseline 0.002 -10"><span class='ocrx_word' id='word_1_557' title='bbox 455 2571 556 2599; x_wconf 74' lang='lat' dir='ltr'><strong>bacher,</strong></span> <span class='ocrx_word' id='word_1_558' title='bbox 578 2571 705 2603; x_wconf 44' lang='lat' dir='ltr'><strong>[reyestmz.</strong></span> <span class='ocrx_word' id='word_1_559' title='bbox 718 2571 728 2587; x_wconf 83' lang='lat'><em>²</em></span> <span class='ocrx_word' id='word_1_560' title='bbox 747 2580 773 2596; x_wconf 75' lang='grc' dir='ltr'><strong>η.</strong></span> <span class='ocrx_word' id='word_1_561' title='bbox 787 2571 848 2597; x_wconf 80' lang='grc'><em>990.</em></span> <span class='ocrx_word' id='word_1_562' title='bbox 957 2573 984 2603; x_wconf 79' lang='lat'><strong>7)</strong></span> <span class='ocrx_word' id='word_1_563' title='bbox 1001 2572 1056 2604; x_wconf 57' lang='lat'><strong>1791.</strong></span> <span class='ocrx_word' id='word_1_564' title='bbox 1075 2573 1166 2598; x_wconf 73' lang='lat' dir='ltr'><strong>Neues</strong></span> <span class='ocrx_word' id='word_1_565' title='bbox 1184 2573 1285 2599; x_wconf 70' lang='lat' dir='ltr'><strong>Archiv</strong></span> <span class='ocrx_word' id='word_1_566' title='bbox 1303 2573 1346 2601; x_wconf 87' lang='grc'><strong>44,</strong></span> <span class='ocrx_word' id='word_1_567' title='bbox 1366 2573 1408 2598; x_wconf 87' lang='grc'><strong>56.</strong></span> <span class='ocrx_word' id='word_1_568' title='bbox 1503 2573 1530 2604; x_wconf 77' lang='grc'><strong>8)</strong></span> <span class='ocrx_word' id='word_1_569' title='bbox 1546 2572 1602 2605; x_wconf 73' lang='lat'><strong>1⁷91.</strong></span> <span class='ocrx_word' id='word_1_570' title='bbox 1623 2572 1721 2597; x_wconf 64' lang='lat' dir='ltr'><strong>Memmi</strong></span> <span class='ocrx_word' id='word_1_571' title='bbox 1736 2572 1803 2601; x_wconf 74' lang='lat'><em>1⁷11,</em></span> <span class='ocrx_word' id='word_1_572' title='bbox 1822 2572 1974 2598; x_wconf 79' lang='lat'><strong>301—314.</strong></span> <span class='ocrx_word' id='word_1_573' title='bbox 1994 2572 2098 2605; x_wconf 78' lang='lat' dir='ltr'><strong>Hesele-</strong></span> 
     </span>
     <span class='ocr_line' id='line_1_49' title="bbox 455 2615 2098 2650; baseline 0.002 -11"><span class='ocrx_word' id='word_1_574' title='bbox 455 2615 583 2647; x_wconf 72' lang='lat' dir='ltr'><strong>Leclercq,</strong></span> <span class='ocrx_word' id='word_1_575' title='bbox 604 2615 723 2640; x_wconf 64' lang='lat' dir='ltr'><strong>Histoire</strong></span> <span class='ocrx_word' id='word_1_576' title='bbox 742 2615 787 2640; x_wconf 73' lang='lat' dir='ltr'><strong>des</strong></span> <span class='ocrx_word' id='word_1_577' title='bbox 805 2616 918 2641; x_wconf 63' lang='lat' dir='ltr'><strong>camsiles</strong></span> <span class='ocrx_word' id='word_1_578' title='bbox 937 2616 971 2641; x_wconf 93' lang='lat' dir='ltr'><strong>II</strong></span> <span class='ocrx_word' id='word_1_579' title='bbox 993 2616 1105 2649; x_wconf 67' lang='lat'><strong>(1903),</strong></span> <span class='ocrx_word' id='word_1_580' title='bbox 1127 2618 1225 2650; x_wconf 60' lang='lat'><strong>7615.-</strong></span> <span class='ocrx_word' id='word_1_581' title='bbox 1244 2617 1355 2643; x_wconf 70' lang='lat' dir='ltr'><strong>Schro&#39;rs</strong></span> <span class='ocrx_word' id='word_1_582' title='bbox 1373 2617 1401 2642; x_wconf 91' lang='lat' dir='ltr'><strong>S.</strong></span> <span class='ocrx_word' id='word_1_583' title='bbox 1416 2617 1468 2642; x_wconf 80' lang='lat'><strong>370</strong></span> <span class='ocrx_word' id='word_1_584' title='bbox 1486 2617 1520 2643; x_wconf 81' lang='lat' dir='ltr'><strong>A.</strong></span> <span class='ocrx_word' id='word_1_585' title='bbox 1535 2616 1582 2646; x_wconf 86' lang='grc'><em>60,’</em></span> <span class='ocrx_word' id='word_1_586' title='bbox 1608 2616 1702 2646; x_wconf 73' lang='lat' dir='ltr'><strong>Le-sne,</strong></span> <span class='ocrx_word' id='word_1_587' title='bbox 1722 2616 1762 2641; x_wconf 78' lang='lat' dir='ltr'><strong>La</strong></span> <span class='ocrx_word' id='word_1_588' title='bbox 1781 2616 1929 2642; x_wconf 67' lang='lat' dir='ltr'><strong>hierarchie</strong></span> <span class='ocrx_word' id='word_1_589' title='bbox 1947 2617 2098 2650; x_wconf 67' lang='lat' dir='ltr'><strong>episcopale</strong></span> 
     </span>
     <span class='ocr_line' id='line_1_50' title="bbox 455 2659 2151 2694; baseline 0.002 -11"><span class='ocrx_word' id='word_1_590' title='bbox 455 2659 483 2683; x_wconf 85' lang='lat' dir='ltr'><strong>S.</strong></span> <span class='ocrx_word' id='word_1_591' title='bbox 497 2659 573 2691; x_wconf 67' lang='lat' dir='ltr'><strong>245j.</strong></span> <span class='ocrx_word' id='word_1_592' title='bbox 593 2660 626 2684; x_wconf 77' lang='lat' dir='ltr'><strong>A.</strong></span> <span class='ocrx_word' id='word_1_593' title='bbox 641 2659 665 2684; x_wconf 83' lang='lat'><strong>6.</strong></span> <span class='ocrx_word' id='word_1_594' title='bbox 788 2661 815 2690; x_wconf 82' lang='lat'><strong>9)</strong></span> <span class='ocrx_word' id='word_1_595' title='bbox 842 2660 939 2685; x_wconf 70' lang='lat' dir='ltr'><strong>Mansi</strong></span> <span class='ocrx_word' id='word_1_596' title='bbox 955 2660 1020 2687; x_wconf 71' lang='lat' dir='ltr'><em>VII.</em></span> <span class='ocrx_word' id='word_1_597' title='bbox 1038 2661 1098 2685; x_wconf 75' lang='lat'><strong>311.</strong></span> <span class='ocrx_word' id='word_1_598' title='bbox 1218 2663 1260 2693; x_wconf 78' lang='lat'><strong>10)</strong></span> <span class='ocrx_word' id='word_1_599' title='bbox 1286 2661 1405 2687; x_wconf 79' lang='lat' dir='ltr'><strong>Ebemla.</strong></span> <span class='ocrx_word' id='word_1_600' title='bbox 1429 2660 1485 2693; x_wconf 74' lang='lat' dir='ltr'><em>1⁷9l.</em></span> <span class='ocrx_word' id='word_1_601' title='bbox 1503 2669 1524 2686; x_wconf 85' lang='lat' dir='ltr'><strong>c.</strong></span> <span class='ocrx_word' id='word_1_602' title='bbox 1538 2661 1563 2690; x_wconf 77' lang='lat'><strong>4,</strong></span> <span class='ocrx_word' id='word_1_603' title='bbox 1589 2660 1680 2686; x_wconf 64' lang='lat' dir='ltr'><strong>Codex</strong></span> <span class='ocrx_word' id='word_1_604' title='bbox 1702 2669 1838 2686; x_wconf 64' lang='lat' dir='ltr'><strong>canonum</strong></span> <span class='ocrx_word' id='word_1_605' title='bbox 1865 2661 1967 2694; x_wconf 88' lang='lat'><em>(1609)</em></span> <span class='ocrx_word' id='word_1_606' title='bbox 1994 2661 2022 2686; x_wconf 98' lang='lat' dir='ltr'><strong>S.</strong></span> <span class='ocrx_word' id='word_1_607' title='bbox 2043 2661 2098 2693; x_wconf 78' lang='lat' dir='ltr'><em>2j.‚·</em></span> <span class='ocrx_word' id='word_1_608' title='bbox 2124 2666 2151 2687; x_wconf 74' lang='lat'><strong>45</strong></span> 
     </span>
     <span class='ocr_line' id='line_1_51' title="bbox 454 2703 2099 2738; baseline 0.002 -11"><span class='ocrx_word' id='word_1_609' title='bbox 454 2703 609 2728; x_wconf 60' lang='lat' dir='ltr'><strong>Himchius</strong></span> <span class='ocrx_word' id='word_1_610' title='bbox 626 2704 654 2728; x_wconf 83' lang='lat' dir='ltr'><strong>S.</strong></span> <span class='ocrx_word' id='word_1_611' title='bbox 670 2704 730 2729; x_wconf 69' lang='lat'><strong>258.</strong></span> <span class='ocrx_word' id='word_1_612' title='bbox 829 2705 871 2735; x_wconf 90' lang='lat' dir='ltr'><strong>ll)</strong></span> <span class='ocrx_word' id='word_1_613' title='bbox 892 2703 922 2729; x_wconf 83' lang='lat' dir='ltr'><strong>C.</strong></span> <span class='ocrx_word' id='word_1_614' title='bbox 937 2704 980 2733; x_wconf 71' lang='lat'><strong>12,</strong></span> <span class='ocrx_word' id='word_1_615' title='bbox 999 2705 1089 2729; x_wconf 53' lang='lat' dir='ltr'><strong>(foder</strong></span> <span class='ocrx_word' id='word_1_616' title='bbox 1105 2713 1238 2731; x_wconf 74' lang='lat' dir='ltr'><strong>canonum</strong></span> <span class='ocrx_word' id='word_1_617' title='bbox 1266 2705 1368 2738; x_wconf 85' lang='lat'><em>(1609)</em></span> <span class='ocrx_word' id='word_1_618' title='bbox 1394 2705 1422 2730; x_wconf 94' lang='lat' dir='ltr'><strong>S.</strong></span> <span class='ocrx_word' id='word_1_619' title='bbox 1436 2705 1526 2737; x_wconf 23' lang='lat' dir='ltr'><strong>⁷720f7·</strong></span> <span class='ocrx_word' id='word_1_620' title='bbox 1550 2704 1704 2730; x_wconf 68' lang='lat' dir='ltr'><strong>Hinschius</strong></span> <span class='ocrx_word' id='word_1_621' title='bbox 1720 2705 1749 2730; x_wconf 90' lang='lat' dir='ltr'><strong>S.</strong></span> <span class='ocrx_word' id='word_1_622' title='bbox 1763 2705 1825 2731; x_wconf 68' lang='lat'><strong>286.</strong></span> <span class='ocrx_word' id='word_1_623' title='bbox 1940 2706 1983 2737; x_wconf 90' lang='grc'><strong>12)</strong></span> <span class='ocrx_word' id='word_1_624' title='bbox 2008 2705 2099 2730; x_wconf 67' lang='lat' dir='ltr'><strong>Codex</strong></span> 
     </span>
     <span class='ocr_line' id='line_1_52' title="bbox 455 2747 2100 2782; baseline 0.002 -11"><span class='ocrx_word' id='word_1_625' title='bbox 455 2755 590 2771; x_wconf 60' lang='lat' dir='ltr'><strong>canonino</strong></span> <span class='ocrx_word' id='word_1_626' title='bbox 610 2748 711 2779; x_wconf 77' lang='lat'><em>(1000)</em></span> <span class='ocrx_word' id='word_1_627' title='bbox 731 2747 758 2772; x_wconf 87' lang='lat' dir='ltr'><strong>S.</strong></span> <span class='ocrx_word' id='word_1_628' title='bbox 773 2748 826 2773; x_wconf 79' lang='lat'><strong>370</strong></span> <span class='ocrx_word' id='word_1_629' title='bbox 843 2756 863 2773; x_wconf 82' lang='lat' dir='ltr'><strong>c.</strong></span> <span class='ocrx_word' id='word_1_630' title='bbox 878 2748 925 2777; x_wconf 69' lang='lat'><strong>216:</strong></span> <span class='ocrx_word' id='word_1_631' title='bbox 942 2748 1094 2773; x_wconf 46' lang='lat' dir='ltr'><strong>Hiar-chius</strong></span> <span class='ocrx_word' id='word_1_632' title='bbox 1110 2749 1137 2774; x_wconf 89' lang='lat' dir='ltr'><strong>S.</strong></span> <span class='ocrx_word' id='word_1_633' title='bbox 1151 2750 1203 2775; x_wconf 69' lang='grc'><strong>548</strong></span> <span class='ocrx_word' id='word_1_634' title='bbox 1219 2759 1240 2775; x_wconf 81' lang='lat' dir='ltr'><strong>c.</strong></span> <span class='ocrx_word' id='word_1_635' title='bbox 1253 2750 1270 2775; x_wconf 79' lang='lat'><em>2</em></span> <span class='ocrx_word' id='word_1_636' title='bbox 1289 2749 1384 2782; x_wconf 82' lang='lat' dir='ltr'><strong>(J.-K.</strong></span> <span class='ocrx_word' id='word_1_637' title='bbox 1396 2749 1475 2777; x_wconf 85' lang='lat'><strong>310).</strong></span> <span class='ocrx_word' id='word_1_638' title='bbox 1572 2749 1615 2780; x_wconf 86' lang='lat'><strong>13)</strong></span> <span class='ocrx_word' id='word_1_639' title='bbox 1632 2749 1722 2774; x_wconf 59' lang='lat' dir='ltr'><strong>Codet-</strong></span> <span class='ocrx_word' id='word_1_640' title='bbox 1737 2758 1870 2775; x_wconf 70' lang='lat' dir='ltr'><strong>canonum</strong></span> <span class='ocrx_word' id='word_1_641' title='bbox 1889 2749 1990 2782; x_wconf 84' lang='grc'><em>(1009)</em></span> <span class='ocrx_word' id='word_1_642' title='bbox 2004 2749 2033 2775; x_wconf 72' lang='grc'><strong>8,</strong></span> <span class='ocrx_word' id='word_1_643' title='bbox 2048 2749 2100 2774; x_wconf 79' lang='grc'><strong>466</strong></span> 
     </span>
     <span class='ocr_line' id='line_1_53' title="bbox 455 2791 1082 2825; baseline 0.002 -9"><span class='ocrx_word' id='word_1_644' title='bbox 455 2799 476 2816; x_wconf 88' lang='lat' dir='ltr'><strong>c.</strong></span> <span class='ocrx_word' id='word_1_645' title='bbox 490 2791 537 2819; x_wconf 49' lang='lat'><strong>3&amp;</strong></span> <span class='ocrx_word' id='word_1_646' title='bbox 552 2791 703 2816; x_wconf 71' lang='lat' dir='ltr'><strong>Hr&#39;nsclzins</strong></span> <span class='ocrx_word' id='word_1_647' title='bbox 719 2791 746 2816; x_wconf 85' lang='lat' dir='ltr'><strong>S.</strong></span> <span class='ocrx_word' id='word_1_648' title='bbox 761 2791 812 2816; x_wconf 73' lang='lat'><strong>619</strong></span> <span class='ocrx_word' id='word_1_649' title='bbox 828 2800 849 2817; x_wconf 72' lang='lat' dir='ltr'><strong>c.</strong></span> <span class='ocrx_word' id='word_1_650' title='bbox 863 2792 877 2816; x_wconf 92' lang='grc'><em>1</em></span> <span class='ocrx_word' id='word_1_651' title='bbox 894 2792 989 2823; x_wconf 83' lang='lat' dir='ltr'><em>(J.-K.</em></span> <span class='ocrx_word' id='word_1_652' title='bbox 1005 2793 1082 2825; x_wconf 78' lang='grc'><em>41]).</em></span> 
     </span>
    </p>
   </div>
   <div class='ocr_carea' id='block_1_14' title="bbox 2186 0 2220 3192">
    <p class='ocr_par' dir='ltr' id='par_1_14' title="bbox 2186 0 2220 3192">
     <span class='ocr_line' id='line_1_54' title="bbox 2186 0 2220 3192; baseline 0 0"><span class='ocrx_word' id='word_1_653' title='bbox 2186 0 2220 3192; x_wconf 95' lang='lat' dir='ltr'><strong> </strong></span> 
     </span>
    </p>
   </div>
  </div>
 </body>
</html>
