2220 3192
445 224 502 251 182
1013 220 1199 246 HINKMAR
1218 219 1297 246 VON
1317 219 1437 245 REIMS
1460 220 1518 245 184.

341 317 415 345 86⁴5.
441 314 632 344 conservari.
671 312 730 347 Qui
753 311 873 350 absque.
896 313 1004 339 nostro
1024 309 1221 339 detrimento
1244 319 1308 338 non
1329 307 1435 339 solum
1456 307 1622 344 fratribus,
1643 309 1698 338 sed
1719 312 1752 338 et
1772 308 1916 339 inimicis
1938 309 2085 350 prodesse

439 367 581 397 desider«)
600 370 633 395 et
651 363 837 405 apostolicis
858 362 1021 393 mandatis
1039 372 1248 402 quacumque
1266 361 1475 392 contumacia
1496 371 1561 391 non
1580 360 1702 391 resulto
1723 372 1781 392 nec
1801 362 1952 393 fraternis
1970 363 2086 393 vestris

442 420 572 450 monitis
586 422 619 448 et
635 416 833 455 regularibus
847 414 1101 445 diffinitionibus
1116 414 1334 445 intentionem
1348 414 1399 445 vel
1415 425 1532 445 manus
1546 414 1657 445 obvias
1670 415 1804 445 tendere
1819 426 1908 456 paro,
1923 426 1959 446 ea
1973 419 2086 446 tamen

438 472 634 506 eondicimrc,
652 470 739 510 quod
756 472 789 499 et
804 479 861 498 vos
877 467 958 498 velle
975 471 1009 498 et
1024 468 1154 498 studere
1170 478 1337 508 cognosco,
1358 471 1394 497 ut
1411 467 1596 507 regularum
1613 471 1722 498 status
1739 472 1772 498 et
1789 468 1872 499 sedis
1889 467 2086 510 apostolicae

440 524 643 565 privilegium
666 526 795 553 mancat
814 525 847 552 et
865 532 1040 552 commune
1060 520 1242 562 periculum
1263 525 1412 551 nostrum
1430 521 1528 552 vitari
1548 520 1770 562 praevaleat*

1239 666 1266 684 (².

440 726 646 751 HINCMARUS
668 725 846 749 REMORUM
868 725 1059 750 EPISCOPUS
1087 724 1249 750 REMIGIO.
1268 724 1449 748 WENILONI
1479 724 1521 748 ET
1549 724 1698 749 CETERIS
1728 725 2020 750 ARCHIEPISCOPIS
2042 725 2086 749 ET

438 770 617 795 EPlseoPIS
630 769 745 793 DOMNI
760 769 874 793 PAPAE
888 769 1031 793 NICOLAI
1045 768 1292 793 AUCTORITATE
1313 769 1360 792 AD
1381 769 1562 794 SYNODUM.
1577 769 1647 798 QUO
1662 768 1707 793 ET
1721 768 1971 793 EXIGUITATEM
1985 770 2086 793 MEAM

437 815 508 839 CUM
522 814 747 839 COEPISCOPIS
761 813 912 838 NOSTRIS
926 813 1062 837 VENIRE
1075 813 1281 839 PRAECEPIT.
1295 813 1333 837 IN
1348 812 1444 837 HANG
1459 813 1669 838 SUESSORUM
1683 813 1877 838 CIVITATEM
1891 814 1960 838 PRO
1974 814 2087 838 CAUSA

840 857 996 882 VULFADI
1016 857 1061 881 ET
1079 858 1318 882 COLLEGARUM
1338 857 1420 882 EIUS
1438 857 1681 882 CONVOCAT181.

527 921 679 961 Legimus
700 920 858 951 scribente
879 920 974 951 beato
991 920 1214 955 Innocentio?
1237 919 1324 960 quod
1345 923 1380 949 de
1394 919 1592 960 quibusdam
1613 924 1775 950 observatio
1803 924 1879 957 pn'or
1905 923 2010 954 durior,
2039 933 2086 958 po-

437 978 537 1003 sterior
553 978 759 1003 interveniente
778 978 968 1004 misen'eordia
985 977 1146 1003 inclinatior
1162 980 1213 1002 est.
1242 973 1285 1003 Et
1303 977 1436 1003 sanctus
1455 973 1518 1004 Leo
1535 973 1646 1009 dicit³‚
1666 977 1742 1010 quia,
1760 977 1834 1003 sicut
1852 976 1992 1009 quaedam
2009 981 2085 1009 sunt,

438 1040 509 1065 quae
526 1031 604 1057 nulla
620 1034 740 1065 possunt
756 1031 865 1057 ratione
883 1030 1011 1059 convelli.
1028 1031 1070 1056 ita
1088 1031 1178 1056 multa
1195 1033 1271 1060 sunt,
1290 1038 1361 1063 quae
1378 1033 1429 1056 aut
1446 1039 1496 1063 pro
1514 1030 1740 1056 consideratione
1757 1032 1888 1056 aetatum
1904 1032 1955 1056 aut
1971 1038 2021 1064 pro
2039 1039 2085 1057 ne-

437 1085 568 1111 cessitate
580 1093 673 1110 rerum
685 1087 817 1118 oporteat
828 1085 988 1118 temperari.
1002 1079 1099 1111 Velut
1111 1084 1144 1111 et
1155 1080 1350 1121 dequodam
1363 1079 1585 1120 indulgentiae
1598 1080 1666 1110 iure
1678 1080 1768 1116 dicit,
1781 1084 1811 1108 in
1824 1091 1889 1116 quo,
1901 1079 2085 1120 inquiens4,

437 1147 493 1164 non
508 1138 633 1172 regulam
647 1138 857 1168 constituimus,
871 1138 920 1163 sed
936 1138 1003 1171 quid
1018 1138 1055 1162 sit
1069 1136 1245 1163 tolerabilius
1259 1137 1452 1163 aestimamus.
1467 1133 1511 1164 Et
1526 1133 1781 1164 facundissimus
1797 1132 1959 1164 Gelasius:
1976 1137 2085 1169 Priscis,

436 1188 579 1228 inquit5.
597 1200 647 1225 pro
663 1192 705 1217 sui
722 1191 880 1217 reverentia
898 1191 1078 1218 manentibus
1095 1191 1268 1218 constitutis,
1286 1199 1367 1223 quae,
1385 1190 1433 1216 ubi
1451 1191 1528 1216 nulla
1544 1191 1588 1216 vel
1605 1199 1699 1216 rerum
1715 1190 1760 1215 vel
1776 1193 1938 1224 temporum
1955 1194 2087 1224 perurget

436 1246 577 1278 angustia,
602 1245 767 1278 regulariter
791 1246 925 1270 convenit
949 1244 1092 1270 custodiri.
1132 1241 1193 1271 Hic
1219 1240 1331 1281 procul
1355 1239 1454 1270 dubio
1477 1241 1534 1281 qui
1559 1241 1592 1271 in
1617 1239 1910 1271 ecclesiasticarum
1936 1244 2087 1271 narratur

435 1294 611 1326 altitudine
634 1295 837 1335 dignitatum
860 1298 893 1324 et
915 1295 949 1326 in
971 1294 1065 1325 cuius
1086 1294 1211 1324 virtute
1234 1294 1327 1324 bonis
1349 1293 1503 1334 operibus
1524 1294 1621 1324 corda
1645 1293 1796 1335 ponenda
1819 1296 1909 1330 sunt,
1933 1293 2086 1333 gradibus

439 1348 551 1389 utique
569 1347 765 1384 distributis,
783 1348 911 1378 cunctis
928 1347 1016 1378 Deus
1035 1351 1143 1378 noster
1160 1351 1194 1377 et
1211 1351 1315 1378 rector
1335 1346 1465 1388 populis
1484 1347 1720 1388 praedicandus
1737 1351 1786 1377 est
1805 1345 2010 1384 Christianis3
2031 1347 2085 1378 ubi

438 1412 533 1432 nemo
552 1401 684 1432 sibimet
702 1400 826 1441 aliquid
844 1401 996 1432 aestimet
1016 1401 1243 1437 imminutum,
1263 1412 1340 1431 cum
1358 1404 1392 1430 et
1410 1401 1447 1431 de
1469 1400 1726 1441 uniuscuiusque
1745 1400 1864 1440 gradus
1884 1400 2082 1441 perfectione

438 1454 483 1485 nil
505 1455 631 1496 deperit
651 1458 685 1484 et
705 1454 937 1485 convenienter
959 1454 1138 1487 retinendo,
1162 1454 1249 1494 quod
1271 1453 1401 1484 caelesti
1423 1453 1665 1495 dispensatione
1688 1453 1859 1484 conlatum
1880 1457 1940 1490 est,
1964 1455 2086 1495 pariter

438 1508 530 1539 nobis
548 1512 582 1538 et
594 1507 844 1548 cognoscibilem
858 1507 966 1538 Deum
983 1507 1049 1538 fieri
1069 1511 1102 1538 et
1117 1506 1235 1538 tribuit
1254 1518 1320 1538 esse
1341 1511 1509 1538 rectorem.
1539 1507 1625 1538 Nam
1644 1511 1677 1538 et
1697 1507 1722 1537 si
1741 1507 1821 1548 quid
1840 1506 2030 1548 indulgetur
2047 1508 2085 1538 de

437 1566 625 1603 temporum
641 1561 841 1602 quantitate,
855 1560 997 1592 moribus
1013 1561 1177 1601 adgregati
1186 1568 1198 1581 ¹¹
1213 1565 1264 1591 et=¹
1279 1561 1474 1591 strenuitate
1493 1564 1660 1602 pensatur,
1672 1561 1697 1591 si
1714 1561 1784 1591 vita
1800 1561 1901 1591 etiam
1919 1561 2086 1602 proposito

436 1616 635 1651 continetur,
652 1615 741 1655 quod
760 1613 922 1655 protelata
940 1614 1047 1645 fuerat
1063 1618 1171 1645 aetate
1187 1614 1384 1649 curandum,
1402 1614 1581 1645 dummodo
1600 1614 1654 1645 illa
1674 1613 1862 1644 nullatenus
1879 1613 2086 1646 dissimulata

437 1668 633 1709 subripiant,
653 1679 806 1709 quorum,
826 1667 996 1708 quodlibet
1021 1668 1123 1698 inesse
1148 1667 1312 1701 claruerit,
1341 1668 1456 1698 merito
1481 1667 1685 1698 clericalibus
1710 1667 1824 1698 infulis
1850 1666 2086 1708 reprobabilem

437 1722 613 1753 convincat
631 1733 697 1752 esse
719 1732 901 1762 personam.
929 1721 974 1751 Et
993 1721 1018 1751 si
1038 1720 1093 1751 illa
1113 1731 1365 1762 nonnumquam
1385 1721 1520 1751 sinenda
1539 1725 1628 1757 sunt,
1648 1731 1743 1762 quae,
1764 1720 1790 1751 si
1808 1725 1992 1752 ceterorum
2009 1732 2084 1752 con-

438 1779 503 1806 stet
525 1775 706 1815 integritas,
731 1774 798 1805 sola
822 1785 933 1805 nocere
958 1785 1022 1805 non
1045 1773 1187 1811 valeant,
1211 1773 1266 1804 illa
1289 1778 1402 1805 tamen
1425 1778 1503 1804 sunt
1528 1785 1722 1815 magnopere
1747 1774 1979 1814 praecavenda,
2002 1785 2085 1815 quae

438 1829 537 1869 recipi
559 1829 627 1859 sine
653 1829 826 1860 manifesta
848 1827 1085 1859 decoloratione
1110 1838 1174 1858 non
1199 1831 1346 1868 possunt.
1380 1827 1424 1858 Et
1445 1828 1638 1858 Africanum
1659 1827 1835 1858 concilium
1858 1828 1896 1858 de
1918 1827 2085 1868 virginum

530 1944 556 1975 ⁹⁵)
578 1943 615 1968 Es
637 1943 714 1975 jolqt:
740 1944 806 1968 Post
829 1943 900 1969 hanc
923 1942 1065 1968 scedulam
1089 1942 1197 1976 synodo
1220 1945 1332 1968 ostensa
1354 1944 1421 1967 sunt
1450 1946 1529 1974 gesta
1558 1943 1728 1976 episcopalia
1753 1943 1934 1969 Suessonicae.
1964 1943 2084 1975 synodi⁶

440 1996 488 2021 per
506 1996 605 2013 manus
623 1988 768 2014 Hincmari
783 1988 978 2013 Laudunensis
995 1987 1117 2020 episcopi
1128 1986 1138 2001 ⁷
1155 1990 1184 2012 et
1200 1990 1279 2020 gesta
1297 1987 1397 2020 synodi
1416 1987 1599 2012 Bituricensis
1618 1987 1776 2020 provintiae
1787 1987 1797 2002 Β
1816 1996 1864 2020 per
1882 1996 1983 2013 manus
2002 1987 2083 2020 Rugi-

440 2032 523 2057 nelmi
544 2032 726 2057 Torum-ensis
749 2032 892 2065 cpiscopi⁹
915 2034 944 2056 et
961 2032 1137 2065 privilegium
1160 2031 1255 2056 domni
1280 2030 1452 2056 Benedicti¹⁰
1476 2039 1523 2063 per
1547 2040 1647 2056 manus
1672 2031 1846 2057 Erszhanraui
1870 2031 2083 2057 Catalaunensis

440 2077 561 2109 episi-opi
573 2076 593 2091 ¹¹
605 2079 634 2101 et
645 2077 819 2109 privilegium
832 2076 928 2101 domni
940 2076 1047 2101 Nic-olai
1056 2076 1078 2091 ¹2
1089 2084 1138 2109 per
1149 2084 1248 2101 manus
1260 2075 1387 2100 Hodonis
1399 2075 1577 2100 Belvacensis
1590 2076 1712 2108 episcopi
1724 2075 1754 2099 ¹³.
1773 2075 1810 2100 Et
1827 2078 1891 2109 post
1906 2076 1974 2101 haee
1990 2076 2084 2101 omnia

440 2120 508 2146 data
524 2123 566 2145 cst
583 2130 654 2153 quae
670 2121 798 2153 sequitur
813 2121 935 2150 scedula,
950 2121 1070 2153 qualiter
1086 2121 1193 2153 prisci&
1208 2122 1241 2145 ut
1256 2120 1325 2145 dicit
1343 2119 1507 2148 Gelasius¹⁴‚
1523 2128 1571 2152 pro
1588 2120 1630 2144 sui
1648 2120 1806 2145 reverentia
1824 2120 2004 2146 manentibus
2021 2129 2083 2145 eon-

439 2165 548 2190 stitutis
564 2168 593 2190 et
609 2165 694 2190 salvis
713 2165 970 2197 apostolicaesedis
985 2164 1143 2197 privilegiis.
1159 2173 1221 2189 eum
1235 2172 1331 2189 eorum
1348 2164 1434 2189 etiam
1452 2164 1639 2190 salvamento.
1658 2164 1705 2196 qui
1723 2164 1832 2196 synodo
1849 2164 2082 2197 subscripserunt.

440 2210 468 2233 in
486 2218 541 2241 qua
559 2209 667 2237 fratres,
692 2209 726 2233 de
744 2209 846 2241 quibus
863 2210 965 2242 agitur.
984 2209 1059 2234 fuere
1077 2209 1186 2235 deiecti.
1205 2217 1254 2241 per
1270 2208 1474 2241 indulgentiam
1492 2211 1521 2233 et
1538 2208 1740 2233 auctoritatem
1758 2208 1856 2233 domni
1874 2217 1965 2241 papae
1983 2209 2010 2233 in
2027 2209 2084 2233 suis

440 2253 584 2278 ordinibus
600 2254 683 2286 recipi
699 2256 728 2277 et
743 2254 859 2286 provehi
876 2254 984 2286 possint
999 2253 1106 2286 absque
1122 2253 1355 2281 contradictione,
1373 2253 1499 2285 migratis
1514 2253 1571 2277 iam
1586 2252 1727 2279 omnibus.
1745 2253 1792 2284 qui
1808 2253 1836 2277 in
1854 2252 1959 2278 Ebonis
1974 2252 2082 2285 deposi-

440 2298 516 2321 tione
532 2297 655 2324 fuerunt,
672 2298 809 2330 episcopis
824 2300 943 2330 excepto
959 2298 1017 2322 solo
1034 2297 1177 2325 Rothado.
1193 2297 1241 2322 sed
1257 2299 1286 2322 et
1301 2297 1348 2326 eis,
1366 2297 1413 2329 qui
1429 2296 1467 2321 illi
1482 2297 1729 2322 excommunicato
1745 2296 1914 2321 dicebantur
1929 2297 2082 2321 communi-

440 2350 525 2368 casse,
542 2344 571 2366 et
586 2342 646 2366 aliis
663 2342 689 2366 in
706 2350 802 2366 eorum
819 2342 886 2366 loeis
902 2342 1065 2366 substitutis
1083 2351 1114 2377 ne
1132 2350 1180 2374 per
1196 2350 1252 2370 eos,
1269 2344 1302 2366 ut
1318 2341 1357 2366 ita
1375 2341 1511 2367 dicamus.
1529 2341 1683 2365 innumeris
1700 2340 1850 2365 ordinatis:
1869 2343 1984 2366 tantum
2000 2344 2033 2366 ut
2049 2341 2083 2365 de

441 2388 532 2410 cetero
549 2385 689 2413 scandala,
708 2394 778 2418 quae
796 2386 859 2411 hinc
877 2386 972 2411 valent
993 2386 1104 2416 emergi.
1125 2386 1221 2410 domni
1243 2385 1388 2418 apostolici
1412 2385 1582 2410 auctoritate
1603 2387 1631 2409 et
1652 2384 1832 2417 providentiav
1852 2385 2025 2410 devitentur.
2050 2385 2082 2409 B.

523 2468 546 2493 ³)
564 2466 702 2496 adgregata
722 2466 798 2489 Sirra..

535 2545 558 2575 1)
578 2544 631 2575 Ι’(]Ι,
651 2544 712 2568 uben
733 2544 760 2568 S.
775 2544 826 2568 174
850 2544 903 2569 aud
922 2545 955 2569 A.
969 2545 993 2569 ἆ.
1108 2545 1134 2576 2)
1156 2544 1247 2569 Codri·
1264 2553 1398 2569 canonum
1419 2544 1520 2576 (1609)
1540 2543 1568 2568 S.
1583 2543 1635 2568 349
1653 2552 1672 2568 c.
1687 2544 1736 2570 22:
1757 2543 1909 2569 Hiuscliius
1928 2544 1956 2569 S.
1970 2544 2023 2568 532
2034 2552 2054 2568 c.
2068 2543 2084 2568 2

444 2588 538 2619 (d.-lx'.
553 2588 630 2619 293).
744 2589 770 2619 3)
793 2588 882 2613 Codex
909 2597 1042 2613 ranorum}
1074 2588 1174 2621 (1509)
1204 2589 1231 2613 S.
1247 2589 1312 2618 453;
1340 2588 1492 2613 Hinschtus
1519 2587 1547 2612 S.
1561 2588 1614 2612 616
1643 2587 1739 2619 (J.-K.
1753 2588 1832 2618 544).
1945 2589 1973 2619 4)
1994 2587 2084 2612 Codex

441 2640 573 2656 rammam
604 2632 705 2663 (1609)
735 2633 762 2657 S.
778 2632 829 2656 459
856 2641 875 2656 r.
890 2633 938 2661 25,·
964 2632 1116 2657 Hinschius
1141 2634 1168 2657 S.
1183 2634 1235 2658 0¹17
1261 2641 1281 2658 c.
1296 2633 1327 2658 11
1358 2632 1453 2664 (J.-K.
1467 2632 1546 2664 544).
1670 2633 1697 2662 5)
1720 2631 1872 2657 Hissnscliius
1898 2632 1927 2657 S.
1941 2632 1994 2657 650
2019 2640 2039 2656 c.
2053 2631 2083 2660 2,-

445 2676 521 2700 Thid
535 2676 559 2702 1,
573 2676 625 2700 362
639 2676 734 2707 (1J.-K.
744 2677 822 2706 0⁴:56).
837 2676 865 2700 S.
877 2676 946 2701 auch
962 2680 1039 2701 uuleu
1054 2677 1084 2701 Z.
1094 2677 1153 2708 Sss’f.
1249 2678 1276 2708 6)
1297 2677 1325 2702 S.
1338 2677 1402 2701 oben
1413 2676 1441 2701 S.
1456 2676 1506 2701 181
1520 2676 1550 2700 Z.
1564 2675 1635 2708 351}
1731 2677 1757 2707 7)
1777 2676 1831 2708 VqI.
1846 2676 1910 2701 oben
1922 2676 1950 2701 S.
1965 2676 1999 2701 55
2010 2676 2044 2701 A.
2058 2676 2081 2700 4.

442 2722 468 2751 ὃ)
488 2720 541 2752 l'yl.
554 2720 622 2744 auch.
638 2723 717 2745 ¹mzten
732 2720 780 2745 Nr.
796 2720 847 2745 186
863 2720 891 2745 S.
906 2720 958 2746 192
972 2721 1002 2745 Ζ.
1015 2722 1032 2745 3
1048 2721 1105 2745 und
1122 2722 1154 2746 Α.
1169 2721 1193 2746 2.
1207 2736 1241 2739 —
1251 2721 1361 2746 Schro’rs
1377 2720 1405 2746 S.
1419 2720 1472 2745 278
1483 2720 1516 2745 Α.
1531 2720 1572 2745 41.
1667 2722 1695 2751 9)
1716 2720 1868 2745 862ῌ880.
1966 2721 2008 2751 10)
2026 2719 2081 2751 ΓΩῘ.

2112 927 2139 947 10

2111 1196 2139 1216 15

2110 1462 2137 1481 20

2109 1727 2137 1747 25

2109 2037 2136 2057 30

2107 2258 2134 2278 35

2107 2549 2135 2568 40

441 2764 502 2789 (uben
525 2764 552 2788 S.
568 2764 618 2789 15]
638 2765 670 2789 A.
685 2764 708 2789 4.
836 2766 877 2795 11)
896 2765 950 2797 1¹91.
972 2765 1036 2789 aben
1056 2765 1084 2790 S.
1099 2766 1132 2790 213
1153 2766 1186 2790 A.
1200 2766 1224 2790 9.
1352 2765 1393 2795 12)
1412 2764 1466 2796 Vql.
1487 2764 1549 2789 oben
1572 2764 1599 2788 S.
1615 2764 1666 2789 181
1686 2764 1718 2788 Α.
1732 2765 1756 2789 5.
1887 2765 1929 2795 13)
1948 2764 2002 2796 Vql.
2017 2763 2081 2788 oben
2104 2770 2130 2789 45

441 2808 468 2833 S.
487 2809 535 2833 72¹2
558 2809 590 2833 A.
605 2810 628 2833 3.
745 2810 786 2839 14)
810 2809 961 2834 urus-chius
979 2809 1007 2833 S.
1021 2810 1074 2834 0250
1091 2818 1111 2834 c.
1126 2810 1155 2836 2·
1178 2809 1255 2834 Tlu'el
1273 2810 1298 2836 Ι,
1317 2809 1370 2834 362
1391 2808 1487 2839 (J.-K.
1503 2808 1580 2839 636).
1601 2808 1628 2833 S.
1648 2808 1714 2833 auch
1734 2808 1797 2833 oben
1816 2809 1846 2833 Z.
1860 2808 1920 2840 141.

2207 0 2220 500 .—-—-—-———²—a—-—-d-6—

2214 1210 2220 1221 ,Δ
2215 1178 2220 1200 -,
2214 1123 2220 1167 n„-
2212 1055 2220 1111 ..aq
2214 999 2220 1038 —ff
2213 838 2220 994 --........-.-...
2211 670 2220 831 «ῄι-...ι-..ο
