2220 3192
70 814 97 834 10

69 1080 97 1101 1⁶

68 1498 96 1518 20

68 1746 96 1767 25

67 2048 96 2069 80

68 2654 96 2674 40

644 237 832 264 HINKMAR
851 239 929 265 VON
950 239 1069 266 REIMS
1090 241 1240 267 184—185.
1705 241 1765 270 187

122 328 208 354 debet
225 328 260 354 de
279 335 376 358 eausa,
394 335 481 360 quam
498 328 558 361 ipse
575 328 721 355 iudicavit.
742 325 804 357 Sed
821 327 898 368 quia
914 332 1106 370 contempta
1125 329 1232 360 fuerat
1249 329 1394 361 indebita
1413 331 1678 372 praesumptione
1698 341 1763 362 non
1787 333 1864 364 866.

122 377 229 408 solum
247 377 402 408 diffinitio
425 377 590 418 synodalis
608 379 847 420 episcoporum,
871 381 926 412 sed
949 385 983 412 et
1004 381 1201 422 apostolicae
1224 383 1308 414 sedis
1330 383 1444 414 domni
1468 383 1637 415 Benedicti
1662 395 1765 425 papae

122 430 331 467 auctoritas1,
351 430 579 472 oportunitate
598 430 734 462 inventa
755 443 811 473 per
829 434 1049 466 venerabilem
1069 435 1204 466 fratrem
1223 439 1257 466 et
1275 437 1506 478 coepiscopum
1527 441 1678 468 nostrum
1699 437 1766 469 Ho-

122 484 242 515 donem
250 483 264 503 ²
276 482 445 524 exemplar
458 482 618 524 privilegii
629 484 743 515 domni
755 485 924 517 Benedicti
936 487 996 518 sub
1010 487 1084 518 fidei
1096 488 1352 530 adstipulatione
1364 490 1504 531 dirigens
1516 491 1630 522 domni
1641 490 1766 522 Nicolai

125 547 228 578 papae
248 537 441 568 auctoritati
463 536 503 568 ab
527 547 563 567 eo
586 537 674 577 quod
697 548 777 568 suus
803 539 946 570 decessor
971 540 1157 572 firmaverat
1182 542 1377 574 corroborari
1405 543 1558 584 poposci³
1576 563 1621 567 —
1639 554 1705 574 non
1725 544 1767 575 ad

121 590 288 627 iniuriam,
311 590 400 631 quod
421 589 518 627 absit,
540 590 623 621 sedis
640 590 849 631 apostolicae,
871 593 965 633 quasi
981 593 1086 624 adhuc
1103 594 1172 624 eius
1191 595 1226 625 in
1242 595 1436 636 ambiguum
1455 597 1619 628 sententia
1635 597 1766 628 ducere-

121 647 176 674 tur
192 647 226 674 et
244 643 285 674 ob
304 643 337 674 id
358 654 424 674 non
444 642 618 680 sufficeret,
637 654 722 684 quae
739 643 780 674 ab
799 655 835 675 ea
855 645 954 676 semel
972 646 1085 676 domni
1101 646 1269 678 Benedicti
1287 659 1390 690 papae
1408 650 1616 687 auctoritate,
1631 650 1686 680 ut⁴¹
1700 654 1766 680 inde

122 701 250 734 quaestio
270 700 354 726 nullis
376 700 530 733 aliquando
553 700 730 734 temporibus
753 701 862 727 oriatur
884 704 914 727 et
936 702 1115 735 adspirantes
1144 704 1271 730 indebite
1294 705 1436 732 anhelitus
1459 707 1611 740 compressi
1633 707 1765 733 funditus

121 756 258 788 perpetuo
285 756 430 784 maneant,
457 749 589 780 fuerant
609 749 818 787 confirmata,
840 751 894 781 sed
915 752 1073 792 quoniam
1094 752 1227 784 incauta
1249 755 1486 796 praesumptio,
1511 760 1548 786 ut
1571 757 1765 787 constitutio

123 803 354 844 geminaretur,
373 803 481 844 exegit
498 822 551 839 —‚
570 807 746 844 quatenus,
765 803 791 834 si
809 803 986 835 obstinatio
1005 816 1193 846 permanere
1219 806 1380 848 deligeret,
1404 819 1436 839 se
1459 813 1532 850 post
1553 813 1604 840 tot
1625 809 1766 850 prohibi-

120 857 226 887 tiones
245 856 390 887 diffinita
410 856 546 898 impune
566 867 632 887 non
651 867 743 898 posse
762 861 926 898 temptare
944 862 1160 898 cognosceret.

213 909 302 940 Haec
321 920 387 940 non
404 921 461 951 per
479 909 641 941 malitiam
657 910 758 947 dicta,
775 910 831 940 sed
848 921 887 941 ne
906 915 944 940 ut
962 915 1160 952 putarentur
1177 922 1233 952 per
1249 912 1417 944 vafritiam
1434 914 1547 951 tacita,
1564 915 1605 945 ad
1621 918 1766 946 vestram

122 962 276 994 notitiam
291 963 509 994 necessarium
522 963 603 995 duxi
619 963 804 1005 perducere,
819 964 877 1004 qui
891 968 1025 994 canonice
1039 970 1143 994 cuncta
1157 977 1207 1002 per
1220 969 1358 1000 ordinem,
1374 978 1446 1003 quae
1459 971 1489 995 in
1504 968 1651 1008 praefato
1666 969 1765 999 fratre

121 1019 231 1047 nostro
250 1015 390 1047 Vulfado
410 1020 444 1047 et
462 1015 591 1057 collegis
610 1017 679 1048 eius
699 1023 781 1054 gesta
799 1023 876 1051 sunt,
896 1018 1078 1048 secundum
1098 1019 1361 1058 praeceptionem
1380 1019 1492 1050 domni
1520 1021 1620 1051 nostri
1641 1021 1765 1062 papae5

118 1073 290 1099 examinare
307 1076 338 1100 et
355 1073 492 1100 subtilius
510 1074 697 1108 investigare
717 1074 760 1107 et,
788 1074 811 1099 si
830 1074 897 1107 quid
917 1074 1025 1100 iustum
1051 1074 1199 1108 piumque
1217 1083 1340 1101 sensum
1358 1075 1477 1106 fuerit,
1497 1076 1531 1102 de
1550 1077 1662 1103 illorum
1680 1078 1766 1104 refor-

121 1127 247 1152 matione
265 1123 389 1154 debetis
408 1127 566 1160 perficere,
594 1134 632 1154 ne
654 1123 734 1164 quid
757 1124 839 1154 forte
863 1124 1130 1165 praetermissum
1145 1125 1306 1162 videatur,
1328 1126 1415 1166 quod
1431 1125 1523 1156 vobis
1538 1127 1615 1157 scire
1631 1131 1665 1157 et
1681 1127 1765 1158 unde

119 1187 138 1207 a
159 1175 252 1207 vobis
274 1176 450 1207 conveniat
471 1176 618 1208 diffiniri.

913 1320 981 1349 185.

202 1380 361 1411 Hinkmar
377 1380 519 1411 berichtet
537 1380 637 1422 Papsc
654 1380 687 1411 N
688 1380 811 1411 ilcolaus
828 1381 857 1412 Ι.
876 1380 949 1411 uber
964 1379 1015 1411 die
1032 1380 1157 1422 Synode
1174 1392 1232 1412 von
1248 1381 1394 1412 Soissons
1414 1382 1430 1422 (
1432 1381 1493 1413 866
1492 1382 1528 1422 ),·
1545 1393 1576 1413 er
1593 1381 1764 1423 beqm'lndet,

120 1444 238 1464 warum
260 1444 293 1464 er
315 1432 384 1464 dem
410 1434 487 1465 Rate
510 1433 562 1464 des
589 1434 731 1475 Papsces.
756 1434 807 1465 die
834 1434 974 1465 Reimser
997 1434 1182 1466 Geistlichen
1206 1434 1300 1473 sofort
1324 1434 1433 1466 wieder
1456 1435 1656 1469 einzusetzen,
1682 1436 1765 1467 nicht

118 1487 319 1528 entsprocken
341 1486 427 1518 habe.
1392 1489 1421 1519 1.
1436 1488 1611 1529 September
1632 1489 1702 1520 866.

211 1558 274 1583 Hss.
283 1567 291 1583 .·
304 1558 381 1584 Laon
390 1558 442 1583 407
454 1558 496 1583 ΒΖ.
512 1557 626 1587 79-82,
642 1559 666 1583 9.
676 1558 723 1583 .ΙΙι.
737 1558 806 1591 (Β),
818 1558 905 1583 kollnt.
918 1559 952 1583 A.
964 1559 992 1584 V.
1005 1558 1120 1588 Mallem·
1134 1559 1216 1584 Paris
1225 1559 1269 1584 lat.
1281 1559 1352 1584 115⁸
1365 1559 1406 1584 Bl.
1421 1559 1596 1589 180²—181‘‚
1607 1559 1764 1585 9.—10..Jk.

123 1602 187 1635 (C),
206 1602 294 1628 kollat.
316 1602 470 1632 Krammer,
489 1602 585 1628 Laehr.

211 1655 331 1681 Drucke:
352 1655 497 1681 Corde-sius
519 1655 620 1688 (1615)
642 1656 671 1681 S.
685 1655 738 1681 507
761 1656 809 1688 (ex
829 1664 891 1681 mss.
912 1655 1049 1681 codicibus
1068 1655 1185 1682 biblioth.
1211 1656 1346 1681 Thaanae
1370 1668 1396 1677 z
1420 1656 1475 1689 0)‚·
1495 1656 1633 1686 Sirmond,
1655 1656 1764 1682 Hincm.

120 1708 201 1733 opera
213 1699 257 1730 II,
271 1700 325 1725 282
341 1700 390 1733 (ex
403 1700 481 1725 veleri
494 1699 581 1725 codice
594 1699 711 1725 biblioth.
730 1699 862 1725 Thmznae
877 1712 903 1721 z
920 1700 955 1730 Ο,-
970 1700 1073 1725 benutzt
1085 1700 1156 1725 auch,
1172 1700 1228 1733 B)‚·
1242 1700 1452 1726 Labbe-Cossart
1469 1700 1553 1731 VIII,
1568 1701 1652 1729 1901,-
1666 1701 1764 1726 Mansi

120 1744 179 1773 XV,
199 1744 264 1774 765,·
283 1744 381 1777 Miqne
399 1744 461 1774 126,
480 1744 527 1769 61.

210 1797 323 1823 Schrbrs
344 1798 407 1830 Req.
422 1797 481 1823 194.

120 1886 260 1911 DOMINO
281 1886 513 1912 SANCTISSIMO
532 1886 576 1911 ET
594 1887 908 1912 REVERENTISSIMO
928 1887 1074 1911 PATRUM
1092 1886 1198 1910 PATRI
1217 1886 1384 1911 NICOLAoa
1402 1886 1540 1910 PRIMAE
1558 1886 1601 1910 AC
1620 1886 1766 1910 SUMMAE

121 1931 223 1956 SEDIS
240 1931 482 1956 APOSTOLICAE
498 1931 543 1956 ΕΤ
560 1931 799 1957 UNIVERSALIS
815 1931 1008 1956 ECCLESIAE
1023 1931 1138 1955 PAPAE
1154 1931 1363 1955 HINCMARUS
1379 1930 1558 1955 REMORUM
1575 1930 1764 1955 EPISCOPUS

308 1975 353 2000 ET
370 1975 533 2000 VESTRAE
552 1976 808 2001 SANCTISSIMAE
826 1975 1086 2000 PATERNITATIS
1104 1974 1365 2000 DEVOTISSIMUS
1383 1974 1548 1999 FAMULUS
1559 1974 1577 1998 ⁶.

211 2037 283 2068 XV.
295 2037 434 2069 Kalend.
445 2037 627 2079 Septembr.
640 2038 757 2070 XIIII.
768 2038 955 2069 indictionis
967 2038 978 2056 ⁷
989 2037 1169 2067 secundum
1179 2040 1323 2067 vestram
1336 2035 1553 2078 apostolicam
1567 2036 1742 2067 iussionem
1751 2036 1764 2055 Β

119 2090 160 2121 ad
175 2089 369 2122 Suessorum
382 2091 553 2122 civitatem
566 2102 644 2122 cum
659 2092 815 2122 fratribus
828 2101 865 2122 ac
880 2090 1079 2132 coepiscopis
1092 2090 1272 2121 Remorum
1288 2090 1470 2130 provintiae
1477 2093 1500 2125 ὓ,
1515 2089 1764 2130 archiepiscopis

119 2147 152 2175 et
164 2144 325 2185 episcopis
338 2143 416 2176 illuc
429 2155 471 2175 ex
485 2145 640 2176 mandato
651 2149 758 2176 vestro
771 2143 1053 2180 convenientibrm,
1064 2154 1227 2175 occurrere
1242 2142 1406 2179 festinavi,
1417 2153 1482 2184 quo
1493 2143 1595 2174 etiam
1606 2141 1764 2174 dilectum

120 2197 255 2229 fratrem
270 2202 419 2229 nostrum
432 2197 612 2230 vulfadum
622 2198 636 2217 ⁹
654 2198 763 2229 venire
777 2197 977 2229 commonui.
991 2197 1055 2228 Eos
1069 2197 1170 2227 etiam
1184 2196 1299 2227 fratres
1314 2199 1440 2226 nostros
1452 2196 1491 2227 de
1504 2195 1607 2237 ipsius
1620 2194 1762 2235 collegio,

119 2251 176 2291 qui
195 2251 256 2281 sub
277 2254 388 2282 nostra
406 2262 484 2282 cura
503 2252 638 2292 degunt,
656 2262 785 2283 mecum
799 2251 932 2282 adduxi.
959 2250 1077 2285 Quosm,
1093 2254 1167 2279 sieut
1187 2253 1256 2278 mihi
1275 2253 1395 2279 seribere
1414 2253 1528 2286 dignati
1547 2253 1636 2283 estis,
1656 2253 1764 2278 iustum

208 2385 266 2410 185.
295 2386 319 2414 ὓ)
338 2385 463 2409 Nicholao
481 2385 510 2409 C.
598 2384 621 2414 ὓ)
641 2386 771 2416 provincie
791 2385 819 2409 C.

232 2473 258 2504 1>
275 2472 331 2504 1⁷92.
352 2473 417 2498 MG.
439 2473 527 2506 Epist.
546 2473 594 2503 VI,
615 2473 692 2505 3617.
720 2473 770 2498 Nr.
784 2473 842 2498 59a
865 2471 956 2504 (.J.·E.
970 2472 1067 2504 2664).
1180 2472 1208 2503 2)
1226 2471 1281 2503 Vql.
1303 2471 1368 2496 oben
1387 2471 1416 2496 S.
1429 2471 1482 2496 132
1500 2471 1531 2496 Ζ.
1545 2470 1578 2495 31
1596 2470 1652 2496 und
1673 2470 1707 2495 A.
1720 2470 1763 2495 13.

120 2516 148 2547 3)
165 2516 221 2549 Vql.
239 2516 304 2542 oben
322 2516 372 2542 Nr.
385 2517 438 2542 159
454 2517 482 2542 S.
496 2517 573 2549 121f.
686 2519 714 2548 4)
736 2517 800 2542 ΜΟ.
819 2516 907 2549 Epist.
923 2516 971 2543 VI.
985 2516 1038 2541 363
1055 2515 1105 2541 Nr.
1119 2515 1176 2541 5911.
1195 2515 1286 2548 (J.-E.
1300 2515 1396 2547 2664).
1509 2516 1536 2545 5)
1557 2514 1586 2540 S.
1608 2514 1676 2539 auch
1700 2514 1765 2539 oben

121 2560 149 2585 S.
163 2561 215 2586 174
230 2561 261 2586 Ζ.
274 2560 325 2594 b‘ff.
344 2561 401 2586 und
418 2561 452 2586 A.
468 2563 490 2587 7.
505 2562 529 2587 8.
629 2563 657 2593 6)
674 2561 730 2593 17ςί.
748 2561 860 2586 Βοήνόνε
875 2560 904 2586 S.
918 2560 985 2590 28oe
999 2560 1032 2585 F.
1050 2559 1107 2587 Lot.
1125 2560 1161 2585 Le
1178 2559 1282 2592 Moyen
1297 2559 1344 2591 ἀρε
1356 2559 1406 2585 XV
1421 2559 1533 2592 (1902).
1550 2558 1603 2584 422
1618 2558 1675 2583 ‘und
1690 2558 1724 2583 A.
1738 2558 1762 2582 1.

121 2619 156 2622 —
171 2605 266 2630 Dieser
278 2605 364 2637 Bries,
382 2605 537 2631 Hinkmars
550 2606 671 2631 Antwort
683 2605 733 2637 auf
745 2605 795 2630 das
807 2604 951 2630 Schreiben
966 2603 993 2629 N
996 2603 1110 2629 ikolaus’
1120 2604 1136 2629 Ι
1139 2623 1145 2628 .
1160 2612 1219 2629 vom
1231 2604 1256 2629 3.
1266 2603 1348 2637 April
1361 2603 1425 2633 866,
1443 2603 1506 2628 MG.
1516 2603 1604 2636 Epist.
1616 2603 1637 2628 V
1639 2603 1654 2627 Ι
1658 2622 1664 2632 ,
1676 2601 1762 2635 40425.

121 2649 149 2674 N
150 2657 171 2674 r.
182 2649 215 2674 74
231 2649 266 2682 (J
269 2649 323 2674 Ε
333 2649 431 2682 2802),
446 2650 544 2675 nimmc
557 2650 695 2675 einersez'ts
709 2649 758 2681 auf
770 2649 855 2674 dieses
867 2649 964 2680 Bezuq,
979 2648 1070 2673 berum
1082 2647 1146 2673 aber
1158 2648 1189 2673 in
1202 2648 1296 2673 seinen
1309 2647 1494 2673 wesentlichen
1504 2646 1702 2672 Bestandteilen
1714 2645 1764 2677 aus

120 2692 186 2718 oben
200 2693 250 2718 Nr.
264 2693 315 2719 184
330 2693 358 2719 S.
372 2694 424 2719 173
432 2693 461 2727 ff.
479 2694 534 2719 und
545 2694 595 2726 aus
607 2694 667 2719 dem
679 2692 938 2726 Synodalschreiben
954 2700 1003 2717 von
1016 2692 1143 2717 Soissons
1156 2700 1214 2718 vom
1227 2692 1269 2717 25.
1283 2692 1389 2724 August
1402 2691 1464 2721 366,
1482 2691 1580 2716 Mansi
1593 2690 1652 2719 XV,
1667 2689 1763 2723 7235..

120 2737 170 2762 cla-3
182 2737 213 2762 in
225 2737 271 2762 der
284 2738 312 2763 H
314 2737 464 2770 andschrijt
477 2738 554 2764 Laon
567 2738 619 2764 407
630 2737 801 2763 unmittelbar
814 2736 977 2769 vorausqeht.
1072 2738 1100 2768 7)
1120 2736 1162 2761 18.
1172 2736 1279 2768 Auyust
1292 2736 1353 2761 866.
1446 2737 1474 2767 8)
1497 2735 1574 2767 Bries
1582 2733 1725 2760 Nikolaus‘
1737 2733 1762 2758 Ι.

121 2781 170 2806 Nr.
187 2782 229 2812 74,
249 2782 314 2807 ΜΘ.
335 2782 484 2816 Epist-VI.
500 2783 551 2808 406
573 2782 664 2815 (J.-E'.
678 2781 774 2814 2302).
887 2781 915 2812 9)
939 2780 996 2813 ῙῘςῙῖ.
1020 2780 1085 2805 oben
1107 2779 1136 2805 S.
1151 2780 1185 2805 50
1205 2780 1236 2805 Z.
1253 2781 1267 2804 7
1289 2780 1346 2805 und
1369 2780 1403 2805 A.
1418 2780 1441 2804 4.
1558 2780 1602 2811 10)
1621 2778 1674 2811 Vql.
1699 2777 1764 2803 oben

122 2825 172 2850 Nr.
185 2825 237 2851 184
255 2825 284 2851 S.
298 2826 351 2852 175
372 2827 403 2852 Z.
417 2827 450 2852 35
460 2826 488 2860 ff
513 2826 570 2852 und
591 2827 626 2852 A.
640 2827 682 2851 11.

1501 2875 1552 2901 24*
