2220 3192
385 291 458 321 860.

308 510 373 530 Prov.
386 510 420 533 30,
433 510 444 528 3
449 510 467 528 23.

273 720 322 745 vgl.
330 720 410 741 Ezech.
419 720 438 743 3,
446 720 465 738 ’3.

273 1726 356 1747 matth.
368 1727 403 1751 19,
415 1726 436 1745 5.
447 1726 468 1746 6.

274 1779 470 1804 vgl.1.cor.7‚5.

322 1872 370 1897 vgl.
386 1873 470 1893 matth.

363 1900 384 1924 5,
395 1900 431 1919 32.

274 1939 403 1963 Vg1.1.Cor.
412 1940 473 1963 7‚11.

275 2031 323 2069 v'gi.
333 2046 353 2065 ι,
363 2046 412 2065 cor.
424 2046 442 2069 7,
450 2045 470 2064 5.

325 2099 344 2118 1.
356 2098 405 2118 Cor.
419 2099 439 2122 7,
449 2099 469 2118 4.

323 2153 343 2171 1.
355 2151 404 2171 Cor.
418 2152 437 2175 7,
450 2152 469 2171 3.

275 2204 323 2228 Vgl.
335 2205 353 2224 1.
364 2204 412 2224 Cor.
424 2205 443 2227 7,
452 2205 471 2223 5.

486 198 525 227 82
1050 194 1237 221 HINKMAR
1257 193 1335 219 VON
1356 192 1475 218 REIMS
1498 193 1557 218 135.

483 288 713 319 revertendum
732 288 798 317 iam
818 286 947 324 iamque
965 282 1255 314 commovebamur
1274 285 1317 318 et,
1336 281 1495 321 quoniam
1514 280 1623 321 plures
1641 281 1703 312 viri
1722 281 1886 322 sapientes
1905 282 1939 312 in
1957 286 2123 313 conventu

482 341 679 376 consistunt,
701 349 843 379 quorum
864 336 1000 376 quidam
1020 338 1150 366 certant
1173 334 1363 375 proponere,
1386 334 1523 374 quidam
1544 337 1658 364 autem
1679 333 1856 370 absolvere,
1880 334 2049 366 interdum
2072 346 2125 366 ne-

483 395 632 425 cessitate
650 390 839 431 compulsus
857 392 952 419 tanta
970 388 1144 418 velocitate
1162 397 1258 428 cogor
1275 385 1373 417 verba
1391 386 1591 417 confundere
1611 387 1722 427 potius
1739 397 1843 428 quam
1861 388 2013 428 proferre,
2032 392 2124 419 ante-

483 457 585 487 quam
600 444 683 475 alius
703 443 780 474 mihi
798 441 997 472 sententiam
1013 440 1054 471 ab
1073 440 1151 481 ipsis
1168 438 1262 471 labiis
1279 439 1398 480 rapiat,
1418 442 1455 469 ut
1473 450 1531 470 nec
1548 439 1649 470 bucca
1667 439 1779 471 efferre
1797 439 1951 477 sufficiat,
1968 441 2056 481 quod
2072 440 2126 472 vel

481 497 636 530 convulsa
654 495 807 527 memoria
830 493 1070 524 subministrat.
1093 492 1155 524 Sed
1177 496 1220 528 et,
1243 492 1327 523 sicut
1349 492 1511 533 scriptum
1532 495 1595 523 est:
1616 491 1701 530 ‘Qui
1723 493 1849 524 fortiter
1872 493 1992 534 premit
2015 492 2124 531 ubera,

482 549 638 591 exprimit
654 548 814 583 butirum,
833 550 865 577 et
882 546 939 586 qui
955 546 1166 577 vehementer
1182 544 1337 586 emulget,
1355 544 1443 576 elicit
1461 545 1678 585 sanguinem’,
1696 546 1807 583 timui,
1826 557 1878 583 ne,
1897 546 1923 577 si
1941 546 2124 577 inconsulte

481 615 516 635 ac
545 611 757 643 praepropere
785 599 1023 640 responderem,
1051 599 1085 630 in
1111 598 1277 630 carnalem
1303 597 1510 630 intellectum
1534 598 1727 635 deciderem,
1753 599 1831 639 quia
1858 602 2059 640 occupatum
2083 599 2125 630 ad

480 656 543 687 alia
565 666 618 685 cor
642 664 754 685 meum
777 664 827 684 me
849 651 1065 692 dereliquerat
1087 656 1120 683 et
1143 651 1254 683 lumen
1278 650 1622 692 intellegentiunculae
1644 662 1796 683 serenum
1820 652 1899 683 mihi
1919 652 1973 683 vel
1996 663 2126 684 mecum

482 720 545 740 non
562 710 642 738 erat.
665 707 872 746 Quapropter
886 705 1011 742 distuli,
1027 706 1128 736 donec
1145 705 1171 735 si
1187 705 1269 735 forte
1285 705 1467 736 secundum
1481 704 1678 746 prophetam
1695 705 1881 736 mitteretur
1898 716 2027 742 manus,
2042 716 2127 746 quae

483 773 533 793 me
552 759 673 791 cibaret
694 758 880 789 intellectus
898 758 1084 795 volumine;
1103 769 1187 799 quae
1206 757 1358 789 videlicet
1377 758 1500 788 totiens
1522 757 1677 794 mittitur,
1698 758 1851 798 quotiens
1870 769 1954 799 quae
1973 762 2052 789 ante
2073 769 2127 789 ne-

481 813 662 845 sciebamus
680 812 791 843 divina
812 811 906 842 nobis
924 811 1028 852 gratia
1048 811 1253 842 revelantura
1269 811 1292 841 ¹.

577 867 648 903 Qua
669 865 709 895 de
730 875 762 896 re
785 865 1044 905 propositionem
1064 865 1178 896 domni
1201 864 1353 895 Guntarii
1375 863 1599 905 praeferamus
1619 867 1652 894 et
1674 863 1872 895 solutionem
1893 875 1934 895 ex
1956 863 2129 905 largitione

480 920 610 950 divinae
628 919 751 959 gratiae
772 917 844 954 pro²
863 924 951 955 captu
972 922 1101 949 nostrae
1120 921 1329 954 intellegentiae
1350 917 1539 948 referamus.
1561 916 1606 954 Si,
1623 917 1742 957 inquit,
1764 917 1886 948 femina
1908 916 2068 948 Bosonis³
2086 917 2128 948 ad

482 984 539 1004 nos
557 972 684 1003 venerit
705 975 737 1002 et
759 970 887 1012 publice
906 971 1054 1002 confessa
1076 971 1174 1002 fuerit
1194 971 1320 1002 dicens:
1340 970 1426 1001 ‘Mea
1446 970 1543 1012 culpa
1563 969 1675 1001 virum
1697 981 1809 1001 meum
1827 970 2027 1007 adulteravi;
2047 981 2128 1011 qua-

481 1029 614 1067 propter
631 1025 749 1056 timore
769 1024 883 1055 mortis
901 1024 1073 1065 perterrita
1090 1024 1131 1055 ad
1148 1035 1207 1055 vos
1223 1023 1368 1064 confugi,
1385 1023 1443 1064 qui
1460 1024 1521 1054 Dei
1539 1023 1616 1054 estis
1632 1023 1784 1060 vicarius,
1804 1027 1842 1054 ut
1862 1035 1912 1054 me
1930 1027 1963 1055 et
1980 1024 2047 1055 Deo
2067 1023 2128 1054 sal-

480 1079 565 1109 vetis
581 1083 615 1110 et
632 1089 650 1109 a
672 1081 775 1109 morte
792 1077 963 1118 corporali,
981 1087 1065 1117 quae
1086 1077 1165 1108 mihi
1183 1077 1336 1115 imminet
1355 1087 1396 1107 ex
1414 1080 1507 1117 parte
1528 1076 1638 1108 mariti
1658 1076 1732 1113 mei,
1754 1087 1804 1108 me
1824 1076 1993 1108 liberetis’:
2013 1080 2129 1108 utrum

480 1132 617 1163 debeam
633 1131 680 1162 illi
697 1129 864 1172 publicam
881 1130 1139 1170 paenitentiamb
1156 1130 1334 1171 imponere,
1351 1140 1454 1170 quam
1469 1133 1529 1161 aut
1545 1130 1579 1161 in
1597 1130 1765 1171 parrochia
1785 1141 1867 1166 mea,
1885 1130 1919 1160 in
1934 1140 2038 1171 quam
2052 1140 2129 1161 con·

482 1186 577 1226 fugit,
599 1185 746 1215 seiuncta
767 1190 802 1214 a⁰
822 1183 892 1214 viro
913 1194 972 1214 suo
993 1187 1138 1224 peragat,
1159 1187 1218 1214 aut
1239 1194 1313 1214 eam
1333 1183 1439 1214 eidem
1457 1183 1528 1214 viro
1550 1194 1607 1213 suo
1630 1182 1689 1214 sub
1711 1183 1770 1214 tali
1789 1183 1976 1214 conditione
1998 1183 2129 1214 reddere

480 1238 627 1274 debeam,
655 1241 691 1268 ut
718 1236 906 1268 nullomodo
931 1247 1006 1268 eam
1024 1236 1210 1273 interficiat,
1230 1237 1285 1267 sed
1304 1240 1378 1277 post
1397 1236 1638 1277 paenitentiam
1656 1235 1747 1267 illam
1766 1236 1800 1267 in
1817 1236 1969 1277 coniugio
1992 1235 2129 1273 habeat;

482 1302 584 1332 quam
609 1291 635 1322 si
661 1290 870 1326 interfecerit,
890 1290 972 1321 sciat
991 1300 1024 1321 se
1043 1289 1256 1321 ecclesiastica
1275 1290 1529 1330 dampnationess
1550 1289 1772 1330 plectendum,
1791 1290 1951 1330 quoniam
1970 1289 2062 1320 nefas
2080 1293 2130 1320 est

480 1351 686 1385 quenquame
706 1344 739 1374 in
759 1343 889 1384 publica
909 1343 1112 1384 paenitentia
1131 1343 1279 1384 positum
1295 1354 1314 1373 a
1332 1353 1540 1383 quocumque
1560 1342 1722 1374 interfici?

570 1397 833 1438 Respondemus:
864 1397 1037 1428 Feminam
1057 1396 1150 1428 illam
1172 1396 1206 1427 in
1226 1400 1286 1427 tua
1305 1396 1359 1426 vel
1377 1395 1512 1427 alterius
1532 1396 1690 1436 cuiusque
1713 1395 1880 1437 parrochia
1902 1399 2028 1433 natam,
2049 1394 2129 1437 bap-

481 1451 630 1486 tizatam,
652 1451 826 1487 nutritam,
845 1449 1006 1487 adultam,
1028 1450 1228 1481 facultatum
1245 1449 1424 1480 hereditate
1443 1449 1586 1480 ditatam
1606 1449 1690 1480 Boso
1711 1459 1751 1480 ex
1769 1448 1833 1480 alia
1854 1460 1919 1480 non
1941 1449 2036 1480 modo
2057 1459 2131 1490 par-

482 1504 602 1541 rochia,
620 1514 736 1534 verum
754 1513 795 1534 ex
812 1502 876 1534 alia
897 1503 1061 1543 provintia
1080 1506 1179 1534 natus
1197 1505 1230 1534 et
1248 1513 1305 1544 per
1322 1502 1433 1533 omnia
1453 1502 1654 1534 incrementa
1674 1502 1707 1533 in
1727 1502 1912 1543 perfectum
1928 1502 2039 1534 virum
2058 1512 2128 1543 per-

482 1557 602 1588 ductus
624 1556 683 1587 sub
704 1555 839 1587 alterius
860 1556 1004 1597 episcopi
1025 1567 1103 1587 cura
1124 1556 1242 1597 degens
1264 1555 1445 1587 secundum
1467 1555 1571 1596 legem
1591 1555 1740 1586 divinam
1760 1559 1794 1586 et
1814 1555 2020 1587 humanam4
2039 1555 2129 1596 apud

482 1621 546 1647 eos,
567 1610 731 1650 qucrum5
753 1610 919 1646 intererat,
941 1609 1097 1646 obtinuit,
1119 1609 1341 1650 desponsavit,
1363 1612 1512 1643 dotavit,
1532 1612 1653 1645 publicis
1674 1613 1782 1647 nuptiis
1802 1612 1995 1639 honoravit
2014 1612 2047 1639 et
2069 1608 2129 1639 sibi

484 1664 517 1694 in
531 1663 675 1703 coniugii
689 1662 807 1704 copula
824 1663 959 1693 sociavit
974 1666 1007 1693 et
1023 1673 1129 1694 unum
1142 1672 1261 1703 corpus
1277 1672 1443 1703 unamque
1457 1673 1590 1693 carnem
1605 1673 1716 1693 secum
1731 1661 1850 1699 effecit,
1867 1662 1951 1693 sicut
1967 1662 2129 1703 scriptum

483 1720 547 1747 est:
566 1715 686 1746 ‘Erunt
705 1716 769 1746 duo
791 1716 824 1746 in
843 1727 939 1747 carne
960 1726 1041 1753 una3
1063 1716 1130 1747 iarn
1151 1726 1216 1746 non
1237 1719 1315 1746 sunt
1334 1715 1410 1752 duo,
1431 1715 1485 1746 sed
1501 1726 1565 1746 una
1578 1715 1681 1753 caro'3
1703 1718 1750 1746 et:
1763 1714 1878 1754 ‘Quod
1890 1715 1978 1746 Deus
1992 1715 2128 1751 iunxitf,

485 1770 582 1800 homo
607 1780 671 1799 non
695 1769 849 1810 separet';
874 1769 936 1800 nisi
960 1770 1041 1800 forte
1065 1773 1223 1810 perpetuo
1247 1779 1287 1799 ex
1308 1779 1468 1799 consensu
1492 1772 1625 1809 propter
1647 1769 1900 1806 continentiam,
1924 1768 2011 1799 unde
2032 1771 2128 1799 tanto

484 1822 651 1854 coniuncti
669 1826 747 1852 sunt
764 1821 908 1863 amplius
924 1826 1050 1863 quanto
1069 1826 1101 1853 et
1119 1821 1309 1863 spiritalius,
1327 1825 1387 1852 aut
1404 1822 1446 1852 ad
1463 1825 1607 1862 tempus,
1627 1826 1664 1852 ut
1680 1825 1799 1852 vacent
1816 1821 1958 1852 orationi
1975 1825 2008 1852 et
2026 1831 2129 1852 rever-

485 1879 600 1906 tantur
616 1875 737 1906 iterum
752 1875 787 1906 in
802 1876 834 1906 id
851 1875 972 1916 ipsum,
985 1886 1024 1906 ne
1039 1878 1248 1916 temptentur
1262 1886 1281 1905 a
1298 1878 1413 1906 satana
1430 1878 1563 1915 propter
1578 1875 1865 1911 incontinentiam,
1878 1879 1937 1906 aut
1951 1885 2050 1906 causa
2068 1874 2129 1905 for-

489 1928 671 1965 nicationis,
699 1939 764 1968 qua
786 1929 927 1969 separati
947 1932 1007 1959 aut
1028 1929 1083 1965 sic,
1113 1921 1145 1959 id
1166 1932 1215 1959 est
1237 1928 1371 1969 innupti
1392 1931 1425 1958 et
1446 1928 1597 1968 separati,
1622 1932 1778 1959 maneant
1798 1932 1858 1959 aut
1881 1931 1998 1959 mutuo
2020 1938 2129 1958 recon-

483 1981 645 2013 cilientur.
678 1982 848 2019 Quomodo
873 1982 993 2022 poteris
1017 1982 1203 2012 inferiorem
1226 1984 1356 2022 partem
1377 1981 1520 2022 corporis
1542 1981 1685 2012 hominis
1708 1980 1806 2017 illius,
1830 1981 1888 2022 qui
1911 1980 1971 2012 sub
1994 1980 2129 2011 alterius

486 2035 689 2075 providentia
709 2035 807 2075 degit,
829 2045 975 2075 separare
995 2039 1028 2066 et
1047 2038 1157 2066 tenere
1177 2034 1237 2065 sub
1258 2034 1472 2075 paenitentia,
1492 2044 1576 2074 quae
1597 2044 1654 2065 nec
1674 2034 1814 2064 orationi
1833 2034 2041 2065 continenter
2061 2034 2130 2064 sine

484 2098 643 2118 consensu
668 2087 771 2128 partis
795 2087 968 2128 superioris
990 2098 1105 2119 vacare
1130 2088 1260 2129 potest?
1285 2086 1416 2118 ‘Mulier
1438 2087 1529 2118 enim
1552 2097 1617 2117 non
1640 2086 1739 2117 habet
1764 2091 1964 2127 potestatem
1986 2087 2130 2128 corporis

486 2141 547 2177 sui,
564 2140 618 2171 sed
633 2140 698 2177 vir3
714 2144 747 2170 et
762 2141 811 2171 vir
828 2151 892 2170 11011
908 2141 1006 2171 habet
1022 2144 1222 2182 potestatem
1236 2140 1379 2181 corporis
1395 2140 1456 2176 sui,
1473 2140 1528 2170 sed
1546 2139 1683 2171 mulier'.
1700 2139 1815 2171 ‘Uxori
1830 2141 1880 2171 vir
1894 2139 2046 2171 debitum
2061 2140 2130 2171 red-

485 2194 558 2224 dere
575 2193 681 2230 debet,
700 2196 733 2223 et
751 2204 833 2223 uxor
849 2194 942 2230 viro’,
963 2197 1000 2224 ut
1018 2205 1083 2224 11011
1101 2197 1310 2235 temptentur
1326 2205 1344 2225 a
1363 2197 1478 2224 satana
1497 2196 1630 2234 propter
1647 2193 1935 2224 incontinentiam.
1961 2193 2058 2230 Quod
2073 2193 2131 2234 qui

572 2282 630 2307 135.
655 2285 678 2312 a)
697 2282 826 2306 revelatur
848 2283 878 2306 B.
965 2282 989 2312 b)
1009 2283 1057 2306 Von
1079 2285 1187 2313 spziterer
1202 2283 1281 2307 Hand
1295 2283 1357 2306 verb.
1377 2290 1407 2305 :zu
1427 2283 1614 2313 poenitentiam
1632 2281 1744 2313 (hiiufi'q)
1762 2282 1791 2305 Β.
1876 2284 1899 2311 ⁰)
1923 2277 2078 2312 Uberqeschr.
2101 2282 2132 2306 Β.

487 2326 512 2357 d)
536 2326 584 2350 Von
609 2329 717 2357 spaterer
740 2327 818 2350 Humi
838 2335 856 2358 p
875 2327 991 2351 zwisclzen
1011 2335 1036 2351 m
1054 2328 1109 2352 und
1127 2336 1143 2352 u
1162 2328 1244 2359 qetilyi
1266 2327 1378 2359 (ht'iztfiq)
1403 2327 1432 2350 B.
1527 2328 1550 2356 θ)
1570 2326 1637 2350 Verb.
1657 2334 1704 2349 aus
1725 2333 1855 2357 quequam
1878 2326 1907 2350 Β.
2005 2325 2024 2355 ἵ)
2050 2327 2133 2350 Davor

488 2372 571 2394 Rnsnr
585 2379 629 2393 von
647 2372 710 2395 1—*3
729 2371 826 2394 Buchst.
843 2371 873 2394 B.
1111 2377 1114 2380 ⁴

579 2433 604 2464 1)
622 2432 677 2464 Vql.
691 2441 724 2457 :u
744 2433 840 2457 diesem
855 2433 917 2458 δαῖε
928 2433 1032 2465 Greyor.
1047 2433 1071 2458 I.
1085 2433 1116 2458 in
1129 2433 1257 2458 Ezechiel.
1282 2433 1373 2458 homil.
1394 2433 1437 2462 10,
1451 2433 1477 2462 5,
1500 2432 1595 2465 Miyne
1611 2432 1652 2461 76,
1668 2432 1728 2457 387.
1841 2432 1868 2463 2)
1893 2432 1949 2465 Vql.
1966 2432 2066 2458 Ko'nzil
2080 2441 2130 2457 von

485 2476 597 2502 Orldsms
614 2477 708 2509 (533).
725 2476 788 2502 MG.
805 2477 884 2502 C'onc.
901 2477 926 2505 J,
941 2477 975 2502 653
995 2477 1025 2502 Z.
1039 2477 1064 2502 3.
1177 2478 1204 2508 3)
1230 2472 1298 2502 Uber
1314 2477 1365 2502 (len
1384 2476 1570 2502 italienischen
1589 2476 1685 2508 Grasev
1710 2476 1780 2501 Boso
1799 2476 1857 2501 und
1875 2477 1948 2502 aeine
1966 2477 2068 2506 Gattin,
2089 2476 2131 2502 die

485 2521 578 2553 Grc'ifin
588 2521 734 2553 E'nqeltrud
743 2536 777 2539 --
785 2521 853 2546 uach.
862 2521 1009 2548 Hinkmar,
1021 2521 1060 2546 Dc
1071 2521 1164 2546 divort.
1173 2525 1272 2553 quaest.
1284 2522 1309 2549 5,
1322 2521 1416 2554 Miqne
1428 2521 1489 2550 125,
1500 2521 1560 2550 754,
1572 2521 1630 2545 eine
1640 2520 1793 2546 Verwandte
1806 2520 1899 2553 Kimiq
1911 2521 2024 2546 Lothars
2033 2521 2075 2546 II.
2087 2536 2129 2549 —,

487 2565 535 2597 vyl.
556 2565 696 2590 Diomnler
722 2565 736 2589 I
740 2565 754 2590 I
761 2565 780 2594 ⁴³,
807 2565 840 2590 16
845 2565 864 2597 j.
887 2565 943 2590 und
966 2565 993 2590 S.
1008 2566 1042 2590 17
1063 2566 1097 2591 A.
1111 2566 1140 2595 ’ἐς
1168 2566 1276 2591 Parisot
1294 2574 1319 2590 α.
1332 2574 1358 2591 ιι,
1369 2565 1400 2591 O.
1418 2565 1446 2590 S.
1460 2565 1511 2590 165
1518 2565 1560 2598 ff.;
1579 2564 1749 2597 Poupardiu,
1762 2565 1797 2589 Le
1811 2573 1940 2597 royaxume.
1952 2565 1984 2590 (le
1999 2565 2131 2591 Provence

486 2618 549 2634 sous
566 2609 602 2634 les
619 2609 808 2641 Carolinqiens
824 2609 852 2635 S.
866 2609 953 2642 297ff
1065 2611 1092 2641 4)
1108 2609 1148 2634 Zu
1165 2610 1316 2635 ΗίηΙιηηανδ
1330 2610 1502 2642 Auflasswzy
1516 2609 1687 2634 lafinsichtlich,
1700 2609 1746 2634 der
1759 2609 1916 2635 rechtlichen
1932 2609 2133 2642 Ersorderm'sse

488 2654 534 2678 der
549 2653 763 2686 Eheschliessrzmq
778 2654 826 2685 1191.
845 2653 929 2685 (auch
943 2653 1087 2685 qeqmzsrzber
1100 2654 1226 2687 Schriirs)
1240 2654 1380 2679 besonders
1391 2654 1420 2679 J.
1429 2654 1551 2683 Freisen,
1563 2653 1714 2678 Geschichte
1726 2653 1771 2678 des
1783 2654 1962 2679 camom'sche'n
1976 2653 2133 2679 Eherechts2

491 2698 592 2730 (1893)
617 2698 759 2730 81586..
780 2698 842 2723 aber
862 2698 931 2723 auch
952 2701 1017 2723 elwa
1042 2698 1074 2723 R.
1098 2707 1145 2723 ron
1167 2698 1286 2727 Scherer,
1310 2698 1461 2723 Havndbuclz.
1479 2697 1524 2722 des
1550 2697 1770 2723 Kirchem-echtes
1789 2698 1831 2727 Il,
1852 2698 1912 2723 169.
1940 2713 1975 2716 ——
2000 2698 2029 2724 S.
2049 2701 2133 2723 'milen

489 2742 539 2767 Nr.
553 2742 605 2767 136
623 2742 652 2767 S.
666 2742 699 2767 87
708 2742 735 2775 ff.
851 2743 879 2773 5)
903 2750 1023 2775 quorum
1047 2757 1082 2760 —
1104 2748 1216 2775 separet
1242 2743 1285 2775 (Z.
1301 2742 1351 2775 29)
1375 2742 1428 2774 fast
1451 2741 1641 2774 entspreclaend
1663 2745 1746 2767 umen
1770 2742 1819 2767 Nr.
1833 2742 1884 2768 136
1902 2742 1930 2768 S.
1946 2742 1981 2768 92
2003 2743 2033 2768 Z.
2048 2742 2083 2767 29
2092 2742 2131 2775 ff..

486 2786 635 2819 yleichlalls
651 2789 728 2811 wzler
742 2786 910 2819 I'erwertzmq
926 2786 999 2811 einer
1015 2786 1154 2811 Del-renale
1172 2787 1238 2812 Leo-§5
1255 2787 1278 2812 I.
1300 2787 1335 2817 (s.
1354 2789 1436 2811 umen
1453 2786 1481 2811 S.
1497 2786 1531 2811 93
1546 2786 1576 2811 Ζ.
1592 2786 1625 2811 14
1641 2786 1698 2811 und
1716 2786 1748 2811 A.
1765 2787 1806 2819 4).

2157 756 2213 805 ro}

2157 1034 2210 1058 15>

2158 1301 2185 1320 20

2158 1566 2185 1586 25

2157 1833 2185 1853 ³0

2158 2092 2202 2127 3⁶}

2157 2372 2199 2397 40*

2158 2615 2197 2639 45,
