2220 3192
700 241 886 268 HINKMAR
906 243 983 270 VON
1004 244 1124 271 REIMS
1146 246 1204 271 188.
1712 244 1771 274 197

198 327 409 352 HINCMARUS
431 328 572 353 NOMINE
593 329 666 354 NON
688 330 824 355 MERITO
845 331 1023 356 REMORUM
1044 333 1233 358 EPISCOPUS
1254 334 1296 358 AC
1316 334 1441 359 PLEBIS
1461 334 1524 358 DEI
1544 334 1709 360 FAMULUS

387 371 620 397 SANCTISSLMO
639 373 683 397 ΕΤ
702 374 1015 401 REVERENTISSIMO
1034 377 1198 402 EG1L0N11
1216 377 1521 403 ARCHIEPISCOP02.

224 433 273 463 Si³
292 437 394 470 aliquis
408 445 459 462 vos
477 437 695 471 interrogaverit
713 438 748 464 de
759 435 980 468 Gothescalei⁴¹
996 441 1134 473 doctrina,
1151 440 1235 470 unde
1253 439 1344 471 vobis
1362 440 1429 471 iam
1447 441 1610 481 quaedam
1628 441 1773 482 scripsi5,

133 491 206 517 hanc
221 499 280 516 esse
296 486 511 527 interroganti
528 491 696 524 respondere
712 493 840 525 potestiS‚
857 494 930 519 sieut
945 497 974 519 et
989 495 1077 520 verba
1091 498 1120 520 et
1135 497 1241 529 scripta
1255 496 1329 522 illius
1344 497 1549 523 demonstrant.
1567 497 1589 523 Ι.
1607 497 1684 524 Dicit
1698 499 1775 524 enim

99 552 112 572 5
136 544 274 570 deitatem
293 546 409 570 sanctae
429 543 568 569 trinitatis
588 544 693 570 trinam
712 553 781 575 esse,
801 546 874 571 sicut
894 549 961 572 sunt
980 550 1037 573 tres
1057 550 1171 574 sanotae
1191 549 1328 575 trinitatis
1347 558 1491 583 personae.
1512 550 1551 576 II.
1573 550 1650 577 Dicit
1669 552 1710 577 ita
1729 560 1773 585 ge-

132 598 239 623 minam
254 605 313 622 esse
330 597 383 622 Dei
398 597 701 630 praedestinationem,
725 600 757 622 ut
781 598 854 624 sicut
870 598 947 624 Deus
970 600 1108 632 quosdam
1130 601 1166 627 ad
1188 602 1280 628 vitam
1302 605 1457 634 aeternam,
1476 604 1518 630 ita
1538 604 1676 638 quosdam
1695 612 1772 638 prae-

130 650 318 676 destinaverit
337 649 374 676 ad
394 653 515 676 mortem
533 652 691 676 aeternam.
721 650 776 675 III.
794 651 880 681 Dicit,
906 652 981 685 quod
1004 661 1062 679 non
1080 653 1143 679 vult
1163 654 1239 680 Deus
1259 663 1356 680 omnes
1376 656 1504 682 homines
1524 656 1617 683 salvos
1637 657 1704 687 fieri,
1725 658 1773 683 sed

130 706 246 730 tantum
259 711 316 733 eos,
331 703 380 736 qui
393 702 556 733 salvantur;
570 711 668 728 omnes
682 705 779 729 autem
792 703 906 735 salvari,
921 713 1113 739 quoscumque
1126 707 1185 740 ipse
1199 707 1308 733 salvare
1323 708 1453 739 voluerit,
1469 718 1501 735 ac
1516 717 1566 743 per
1579 710 1632 736 hoc
1647 711 1773 743 quicum-

131 765 184 790 que
209 765 266 782 non
289 756 448 786 salvantur,
474 756 588 790 penitus
613 765 670 782 non
694 765 753 782 esse
778 756 936 783 voluntatis
959 758 1042 789 illius,
1068 762 1100 784 ut
1124 760 1278 786 salventur.
1304 757 1464 792 ‘Omnia’⁶‚
1490 759 1598 800 inquit
1623 764 1771 797 scriptura,

79 818 107 838 10
129 806 338 843 ‘quaecumque
353 809 445 835 voluit
466 809 606 835 Dominus
627 809 695 835 fecit
713 810 743 835 in
758 810 836 836 caelo
853 813 883 836 et
901 811 931 836 in
945 813 1030 842 terra,
1044 812 1074 836 in
1090 813 1160 838 mari
1173 815 1203 838 et
1216 813 1246 838 in
1259 814 1391 839 omnibus
1405 811 1539 848 abyssis';
1557 818 1599 841 et:
1617 813 1664 841 ‘In
1674 817 1772 843 volun-

130 866 191 890 tate
208 865 268 893 tua,
288 863 418 893 Domine,
435 865 539 889 cuncta
557 865 625 888 sunt
640 863 743 896 posita,
762 866 791 888 et
809 872 867 889 non
883 866 927 889 est
945 864 993 897 qui
1011 865 1101 898 possit
1118 868 1185 891 tuae
1199 867 1326 892 resistere
1341 864 1504 893 voluntati’.
1522 864 1604 905 Ergo
1621 876 1686 896 non
1700 865 1774 897 vult

129 923 242 944 omnes
257 911 363 944 salvos
379 912 458 949 fieri,
469 912 525 943 sed
540 915 676 943 tantum
690 923 755 948 eOS,
766 913 822 953 qui
838 912 1019 950 salvantur,
1030 914 1109 954 quia
1119 914 1229 946 sivult
1243 916 1331 956 quod
1348 927 1413 946 non
1430 920 1548 958 potest,
1564 918 1773 959 omnipotens

130 977 195 997 non
205 969 265 997 est.
283 969 357 995 1111.
371 969 448 996 Dicit
458 966 480 1000 ⁷,
492 970 568 1003 quod
578 978 635 995 non
646 977 697 1003 pro
706 970 797 995 totius
813 970 911 995 mundi
925 970 1129 1004 redemptione,
1139 971 1169 996 id
1183 974 1226 997 est
1241 980 1298 997 non
1314 981 1364 1006 pro
1378 974 1506 999 omnium
1520 974 1667 1000 hominum
1682 976 1773 1002 salute

129 1025 159 1049 et
174 1023 380 1057 redemptione,
397 1023 531 1049 dominus
548 1025 578 1048 et
593 1023 721 1049 salvator
737 1025 834 1048 noster
850 1022 929 1049 Iesus
943 1023 1071 1049 Christus
1088 1024 1125 1049 sit
1142 1024 1292 1051 crucifixus
1308 1028 1338 1051 et
1359 1029 1496 1057 mortum,
1517 1027 1566 1052 sed
1587 1030 1702 1054 tantum
1723 1037 1773 1062 pro

79 1083 106 1103 1⁵
130 1077 182 1107 his,
212 1076 259 1109 qui
287 1076 444 1102 salvantur.
477 1075 510 1102 V.
535 1076 613 1102 Dicit
642 1084 786 1110 exponens
816 1077 988 1102 sententiam
1009 1077 1132 1110 apostoli
1154 1078 1230 1103 Petri
1258 1075 1344 1108 ‘eum‚
1373 1080 1420 1112 qui
1447 1080 1518 1105 emit
1543 1088 1599 1110 eos,
1618 1081 1773 1107 Dominum

129 1125 292 1163 negantes’:
313 1130 475 1163 Baptysm1,
493 1130 597 1163 inquit,
616 1132 797 1155 sacramento
814 1137 862 1155 eos
879 1130 960 1159 emit,
979 1138 1036 1155 non
1054 1132 1152 1156 tamen
1170 1139 1220 1164 pro
1239 1132 1278 1156 eis
1295 1140 1406 1157 crucem
1429 1133 1517 1158 subiit
1539 1141 1630 1166 neque
1654 1136 1773 1160 mortem

129 1183 247 1217 pertulit
262 1191 352 1216 neque
369 1183 537 1216 sanguinem
552 1182 636 1209 fudit.
649 1182 731 1208 Unde
746 1182 832 1208 latius
847 1183 925 1209 dicta
940 1183 971 1208 in
986 1184 1044 1209 suis
1060 1184 1172 1218 scriptis
1188 1184 1380 1210 inveniuntur.
1398 1181 1451 1212 Ex
1464 1181 1582 1222 quibus
1602 1184 1772 1214 mortiferis

127 1231 282 1274 capitulis
298 1235 425 1273 quanta
442 1232 581 1263 exitiosa
599 1233 770 1273 prodeant,
788 1232 967 1263 catholicus
983 1236 1017 1263 et
1034 1232 1199 1264 litteratus
1215 1234 1336 1275 quique
1353 1235 1536 1276 conspicere
1556 1239 1673 1276 potest.

218 1294 245 1325 Ι.
273 1294 359 1326 Hinc
382 1294 473 1326 enim
496 1294 730 1326 adinventione
755 1293 875 1325 diaboli
897 1294 1036 1325 dicentis
1058 1295 1100 1325 ad
1122 1295 1243 1326 Adam:
1266 1295 1378 1326 ‘Eritis
1401 1296 1487 1327 sicut
1516 1297 1571 1327 dii’
1604 1297 1772 1338 pluralitas

77 1362 106 1381 zo
127 1348 263 1379 deorum
281 1347 461 1384 inducitur,
477 1348 647 1388 quoniam,
664 1348 691 1378 si
706 1348 794 1379 trina
812 1352 880 1378 est³
897 1348 1013 1385 deitas,
1028 1352 1093 1378 tres
1111 1348 1156 1379 dii
1174 1352 1281 1379 erunt.
1299 1349 1471 1380 Unitatem
1489 1350 1610 1391 quippe
1629 1351 1663 1381 in
1681 1351 1772 1382 trini-

128 1405 197 1432 tate
212 1412 278 1432 non
291 1401 406 1432 eadem
420 1412 569 1442 persona,
585 1401 640 1432 sed
654 1401 768 1432 eadem
783 1400 901 1442 implet
914 1401 1065 1438 essentia,
1081 1401 1114 1432 id
1126 1405 1176 1432 est
1189 1402 1304 1439 deitas,
1319 1414 1402 1443 quae
1416 1403 1574 1434 trinitatis
1587 1407 1637 1434 est
1653 1404 1771 1435 unitas.

127 1454 172 1486 Et
182 1454 217 1485 in
228 1454 294 1495 lege
305 1454 448 1486 Domino
459 1455 604 1486 dicente:
614 1454 725 1491 ‘Audj‚
738 1454 849 1491 Israel,
860 1454 1015 1486 dominus
1024 1455 1113 1485 Deus
1124 1458 1203 1485 tuus
1213 1456 1301 1486 Deus
1314 1466 1398 1486 unus
1409 1456 1481 1487 est’.
1493 1456 1537 1487 Et
1547 1456 1581 1487 in
1592 1457 1771 1498 evangelio:

126 1508 202 1545 ‘Ite,
217 1507 329 1539 docete
345 1519 458 1539 omnes
473 1511 597 1549 genteS‚
616 1507 825 1549 baptizantes
844 1519 898 1539 eos
917 1508 952 1539 in
972 1508 1104 1539 nomine
1124 1508 1227 1550 patris
1246 1512 1279 1539 et
1299 1508 1356 1541 filii
1375 1512 1408 1539 et
1427 1509 1561 1550 spiritus
1581 1510 1708 1541 sancti'.
1728 1510 1772 1541 Et

127 1560 340 1592 cantantibus
359 1561 539 1603 seraphim:
556 1561 724 1598 ‘Sanctus‚
744 1566 889 1598 sanctus,
908 1565 1042 1593 sanctus
1060 1562 1214 1593 dominus
1231 1562 1319 1593 Deus
1338 1562 1502 1594 Sabaoth'.
1522 1563 1565 1594 Et
1581 1564 1771 1594 concinente

78 1628 105 1648 25
126 1615 248 1646 David:
268 1614 462 1646 ‘Benedicat
483 1626 542 1646 nos
562 1615 661 1652 Deus,
682 1615 771 1646 Deus
793 1618 917 1652 noster,
938 1615 1110 1646 benedicat
1131 1626 1188 1646 nos
1208 1616 1295 1646 Deus
1322 1619 1355 1646 et
1378 1619 1529 1647 metuant
1556 1627 1633 1647 eum
1661 1627 1773 1648 omnes

129 1668 209 1699 fines
223 1669 350 1700 terrae'.
365 1669 409 1700 Et
422 1669 603 1700 confitente
618 1667 737 1700 Paulo:
751 1668 816 1700 ‘Ex
830 1668 900 1710 ipso
914 1672 948 1699 et
964 1679 1019 1710 per
1033 1669 1145 1710 ipsum
1158 1673 1192 1699 et
1206 1669 1240 1699 in
1254 1669 1324 1710 ipso
1339 1672 1418 1700 sunt
1431 1669 1552 1700 omnia.
1568 1669 1635 1710 Ipsi
1650 1669 1771 1709 gloria'.

129 1722 213 1753 Cum
231 1729 320 1752 essess
339 1722 428 1753 Deus
450 1733 536 1753 unus
556 1721 678 1753 dicitur
697 1726 731 1752 et
751 1722 786 1752 in
808 1722 951 1758 nomine,
974 1733 1039 1753 non
1060 1722 1094 1752 in
1115 1721 1303 1753 nominibus
1322 1722 1454 1753 credens
1474 1722 1594 1763 quique
1614 1722 1772 1763 baptizari

129 1775 328 1816 praecipitur
345 1779 379 1806 et
396 1787 415 1806 a
433 1775 599 1817 seraphim
617 1779 666 1806 ter
683 1779 819 1806 sanctus
835 1779 991 1806 cantatur
1009 1779 1042 1806 et
1062 1786 1146 1806 unus
1163 1776 1317 1806 dominus
1333 1776 1421 1806 Deus
1440 1775 1582 1806 Sabaoth
1598 1775 1773 1806 confitetur

127 1832 161 1859 et
179 1839 198 1859 a
216 1828 325 1859 David
344 1832 393 1859 ter
412 1829 501 1860 Deus
522 1829 714 1860 nominatur
733 1833 767 1859 et
789 1829 892 1860 metui
914 1840 969 1870 per
988 1839 1102 1860 omnes
1122 1829 1202 1860 fines
1222 1832 1325 1860 terrae
1347 1840 1432 1859 unus
1451 1832 1562 1859 oratur
1581 1833 1614 1859 et
1633 1840 1651 1859 a
1673 1828 1772 1860 Paulo

77 1894 105 1913 30
130 1885 204 1923 post
223 1881 384 1913 trinitatis
403 1882 642 1914 confessionem
664 1893 749 1913 unus
768 1882 857 1913 Deus
877 1882 1086 1923 glorificatur,
1107 1882 1211 1913 trium
1232 1893 1443 1923 personarum
1463 1886 1594 1913 sanctae
1614 1882 1773 1912 trinitatis

130 1946 194 1967 una
211 1935 327 1972 deitas,
346 1946 430 1977 quae
448 1936 610 1967 trinitatis
627 1939 678 1967 est
697 1936 818 1972 unitas,
838 1936 1093 1966 demonstratur.
1111 1936 1157 1966 Ac
1177 1945 1233 1976 per
1250 1935 1320 1972 hoc⁷
1339 1938 1505 1976 quantum
1523 1946 1564 1965 ex
1581 1945 1613 1965 se
1631 1938 1690 1971 est,
1710 1935 1772 1965 ista

128 1988 398 2030 pernitiosissima
424 1989 572 2025 haeret-³1⁸,
592 1993 742 2019 idolatriae
759 1992 893 2019 videlicet
911 1995 1010 2022 matre,
1031 1989 1167 2029 mystica
1184 1988 1306 2019 Nicena
1325 1988 1447 2028 synodo
1472 1987 1576 2029 gladio
1600 1987 1689 2019 verbi
1713 1988 1772 2018 Dei

128 2046 298 2083 perempta
314 2047 348 2073 et
363 2042 404 2073 ab
421 2042 483 2074 isto
502 2053 606 2084 nuper
622 2043 815 2074 resuscitata
833 2042 920 2078 fides,
938 2042 974 2073 in
988 2053 1053 2082 qua
1069 2041 1229 2083 baptizati
1245 2052 1359 2072 sumus
1375 2045 1408 2071 et
1423 2052 1506 2082 quae
1523 2041 1626 2071 eorde⁹
1642 2044 1773 2070 creditur

127 2096 169 2127 ad
188 2100 330 2125 iustitiam
348 2100 382 2126 et
402 2108 449 2125 ore
470 2100 632 2126 confitetur
652 2100 687 2126 ad
708 2100 840 2127 salutem.
860 2095 1027 2126 evertitur.

78 2168 105 2188 85
219 2157 263 2188 II.
280 2157 387 2189 Liberi
399 2158 527 2189 arbitrii
540 2169 638 2199 opera
652 2158 720 2189 sive
734 2158 819 2189 bona
833 2157 899 2188 sive
916 2156 1001 2187 mala
1016 2155 1095 2187 nihil
1108 2155 1214 2187 valere
1227 2156 1269 2187 ad
1284 2156 1450 2192 meritum,
1465 2156 1519 2186 sed
1533 2156 1599 2186 sive
1612 2156 1653 2186 ad
1666 2155 1771 2186 vitam

126 2210 193 2241 sive
215 2210 257 2241 ad
281 2215 421 2242 mortem
441 2215 563 2243 cuncta
584 2212 645 2242 Dei
667 2211 999 2253 praedestinationem
1020 2220 1110 2250 agere
1132 2209 1172 2240 ab
1195 2209 1258 2240 ista
1280 2219 1380 2250 prava
1401 2209 1549 2240 doctrina
1571 2208 1770 2240 enucleatur.

127 2264 156 2295 A
170 2274 235 2305 qua
251 2267 284 2295 et
300 2264 444 2306 reprobis
461 2264 590 2296 tollitur
608 2265 764 2296 meritum
779 2263 1001 2295 damnationis
1017 2266 1050 2293 et
1065 2262 1160 2293 iustis
1178 2262 1333 2293 meritum
1348 2262 1496 2293 aufertur
1511 2260 1637 2293 salutis.
1653 2263 1698 2293 Ac
1716 2273 1772 2303 per

126 2317 185 2348 hoc
204 2328 261 2349 nec
278 2316 326 2349 illi
342 2318 428 2349 iuste
444 2318 658 2354 damnantur,
669 2317 726 2359 qui
744 2318 823 2348 iusti
837 2327 903 2347 esse
920 2327 985 2347 non
1004 2320 1154 2357 possunt,
1173 2326 1228 2346 nec
1246 2315 1301 2346 isti
1318 2315 1402 2346 iuste
1420 2319 1683 2351 remunerantur,
1694 2315 1771 2356 quia

126 2369 217 2402 aliud
237 2382 339 2412 quam
360 2371 440 2402 iusti
459 2382 528 2402 esse
550 2382 617 2403 non
638 2374 787 2413 possunt.
809 2370 873 2401 Nec
895 2369 1026 2400 iniustis
1046 2380 1119 2410 ergo
1139 2369 1297 2410 quiddam
1317 2368 1461 2410 adquirit
1484 2368 1638 2399 meritum
1660 2378 1716 2398 nec
1738 2368 1772 2398 in

77 2434 104 2452 ιο
127 2423 237 2454 electis
252 2423 378 2465 aliquid
394 2425 498 2465 gratia
516 2428 682 2467 operatur,
700 2424 756 2455 sed
772 2424 807 2454 in
825 2426 961 2464 utraque
980 2426 1072 2463 parte
1089 2426 1122 2453 et
1140 2422 1277 2463 perditio
1293 2425 1327 2452 et
1343 2421 1430 2453 salus
1449 2432 1514 2452 non
1530 2425 1579 2452 est
1595 2432 1637 2452 ex
1653 2421 1771 2451 iudicio

128 2477 276 2519 propriae
291 2478 441 2515 actioniS,
458 2479 514 2509 sed
529 2489 571 2509 ex
588 2477 784 2520 praeiudicio
799 2476 933 2507 Domini
948 2475 1130 2507 voluntatis
1144 2479 1319 2516 totumque
1333 2475 1393 2506 Dei
1409 2475 1536 2516 opificio
1552 2474 1770 2515 reputabitur.

215 2612 273 2636 188.
310 2614 333 2641 ὃ)
355 2607 513 2642 Uberqeschr.
536 2612 566 2635 Β.

222 2700 247 2730 l)
268 2699 316 2724 ΕΙ).
339 2708 390 2724 vonv
411 2700 490 2729 Sans,
514 2700 563 2731 1¹91.
587 2699 651 2724 oben.
672 2698 700 2724 S.
714 2698 766 2724 188
788 2698 821 2723 A.
836 2698 877 2722 14.
990 2697 1017 2728 2)
1035 2696 1090 2728 Vql.
1112 2696 1177 2722 oben
1198 2696 1248 2721 ΝΤ.
1262 2696 1314 2721 187
1335 2696 1363 2721 S.
1379 2695 1430 2720 194
1451 2695 1508 2720 und
1529 2696 1562 2720 A.
1576 2696 1600 2720 6.
1694 2695 1721 2725 3)
1742 2694 1770 2719 S.

128 2742 190 2768 obest
216 2743 244 2768 S.
264 2743 315 2769 195
341 2744 371 2769 Z.
385 2743 419 2769 24
430 2743 459 2777 ff.
582 2745 610 2775 4)
637 2743 693 2775 Vql.
717 2742 781 2768 oben
805 2741 833 2767 S.
847 2742 863 2766 8
887 2741 921 2766 A.
934 2741 959 2766 3.
1078 2742 1105 2771 5)
1131 2740 1202 2766 Oben
1221 2740 1270 2765 Nr.
1284 2740 1336 2765 187
1360 2739 1389 2765 S.
1403 2739 1492 2773 194ff
1605 2740 1632 2770 6)
1661 2738 1689 2763 S.
1708 2737 1771 2762 oben.

77 2790 105 2810 46
128 2786 157 2812 S.
169 2787 220 2812 161
237 2787 267 2812 Ζ,
281 2787 353 2821 21ff.
451 2789 478 2819 7)
499 2788 528 2813 S.
548 2787 613 2813 oben
630 2787 658 2812 S.
672 2787 723 2812 195
744 2786 774 2811 Z.
788 2785 858 2818 30ff.
954 2786 980 2816 8)
998 2784 1054 2816 1'9l.
1071 2784 1136 2810 oben
1153 2784 1203 2809 Nr.
1217 2784 1267 2809 141
1285 2784 1313 2809 S.
1328 2783 1379 2808 112
1393 2783 1423 2808 Z.
1438 2783 1496 2815 13).
1590 2783 1618 2814 9)
1636 2782 1690 2813 Vql.
1708 2782 1772 2806 oben

130 2830 178 2856 ΝΤ.
192 2831 242 2856 131
267 2831 295 2857 s.
312 2831 343 2857 71
366 2832 396 2857 Z.
410 2832 426 2856 9
432 2832 451 2863 l-

1800 336 1873 366 866.

1789 771 1824 791 Ps.
1836 771 1884 795 134,
1896 773 1917 792 6.

1788 824 1853 844 Εεῐὴ,
1866 824 1899 847 13,
1910 824 1930 844 9.

1787 1089 1806 1108 ’3.
1820 1089 1879 1108 Petr.
1890 1090 1910 1112 2,
1920 1091 1938 1108 1.

1790 1308 1844 1329 Gen.
1855 1310 1875 1332 3,
1885 1309 1904 1328 ⁵.

1788 1468 1855 1488 Dent.
1866 1469 1886 1491 6,
1896 1470 1916 1488 4,

1787 1521 1870 1541 matth.
1882 1521 1916 1545 28,
1930 1522 1962 1540 ιο,

1788 1574 1816 1593 Is.
1828 1574 1848 1597 6,
1860 1575 1879 1593 3.

1790 1626 1824 1646 Pu.
1836 1627 1871 1650 66.
1883 1627 1902 1646 Β,

1788 1680 1855 1700 Rom.
1868 1680 1948 1704 11‚36.
