2220 3192
38 813 66 835 ²0

39 1087 66 1107 16

37 1617 65 1637 25

41 2163 68 2183 ³5

657 240 843 266 HINKMAR
866 240 945 267 VON
970 240 1089 266 REIMS
1116 241 1173 266 160.
1674 238 1734 266 139

90 321 288 363 <sensificatum
305 332 394 358 totius
411 331 556 373 firmitatis
573 329 612 359 de
629 333 761 359 omnibus
776 333 940 359 clericorum
957 333 1077 367 negotiis
1092 333 1237 360 sortiatur.
1255 331 1328 359 Sane
1345 341 1369 358 s1
1387 332 1504 358 clericus
1517 332 1622 358 laicum
1631 331 1735 366 pulset,
1761 331 1834 360 863.

92 386 170 419 prius
184 393 213 410 se
228 384 321 411 audiri
335 384 372 410 ab
386 385 526 419 episcopis
539 388 648 420 poscat.
664 385 762 417 Tunc,
773 386 796 412 si
811 387 944 420 petitioni
959 394 1026 412 suae
1042 386 1146 412 laicum
1156 385 1261 412 viderit
1275 385 1401 416 obviare,
1410 393 1446 411 ex
1460 385 1598 419 permisso
1611 385 1736 419 episcopi

92 438 135 464 sui
144 438 174 464 in
184 437 288 464 saeculi
300 437 491 464 moderatores
501 437 708 472 disceptatione
720 439 868 472 confligam
889 439 923 466 et
933 435 1098 468 Gelasiusl
1108 446 1113 466 :
1126 438 1290 466 Facultates
1298 438 1432 465 ecclesiae
1442 447 1552 469 necnon
1561 444 1592 464 et
1601 438 1736 469 dioceses,

93 501 110 518 a
133 490 256 524 quibus
278 490 460 524 possidentur
480 491 630 524 episcopis,
643 492 702 518 iure
717 492 771 518 sibi
785 492 942 523 vindicent,
963 492 1040 526 quod
1060 492 1223 518 tricennalis
1241 492 1287 518 lex
1307 492 1458 522 conclusit3
1479 492 1546 525 quia
1564 495 1593 517 et
1614 491 1736 517 filiorum

93 548 256 570 nostrorum
275 544 436 578 principum
454 544 497 570 ita
515 545 664 570 emanavit
683 546 850 576 auctoritas,
869 550 903 571 ut
921 545 999 572 ultra
1018 545 1137 579 triginta
1156 553 1246 571 annos
1264 545 1335 571 nulli
1353 545 1439 571 liceat
1456 553 1514 578 per
1531 544 1565 570 id
1584 544 1736 578 appellare,

93 597 169 631 quod
186 597 281 630 legum
294 601 409 630 tempus
423 597 554 623 exclusit.
579 593 624 624 Et
639 598 773 625 sanctus
788 594 960 636 Gregorius
973 595 1266 626 commonitorium
1280 595 1321 626 ad
1336 594 1520 626 Iohannem
1534 594 1737 625 defensorem

91 650 228 678 euntem
246 646 282 677 in
303 646 482 687 Hispanias
503 646 542 677 de
560 657 658 678 causa
678 647 907 689 episcoporum
920 652 1020 688 atque
1036 647 1290 689 presbiterorum
1304 648 1486 679 dirimenda
1505 658 1542 678 ac
1562 647 1736 678 iudicanda

91 710 134 731 ex
156 699 282 740 legibus
299 699 460 730 Romanis
484 700 553 730 sine
574 701 730 731 memoria
753 711 921 732 canonum
944 711 986 732 ex
1011 701 1136 741 integro
1155 701 1364 738 contexuit&
1384 704 1417 732 et
1435 701 1516 732 item
1536 698 1683 732 Gelasius
1701 700 1737 731 in

91 751 228 794 epistola
246 752 288 784 ad
305 753 520 784 Anastasium
538 753 772 794 imperatorem
790 753 899 785 scribit
910 753 937 784 ³:
959 756 999 790 Si,
1019 754 1182 794 inquiens,
1202 761 1344 790 quantum
1363 757 1418 783 ada
1436 757 1564 783 ordinem
1575 761 1588 774 a
1606 757 1736 791 publicae

94 809 221 843 pertinet
238 809 414 842 disciplinae,
434 812 634 842 cognoscentes
652 810 804 844 imperium
822 810 876 836 tibi
895 818 1017 844 superna
1031 811 1216 844 dispositione
1232 810 1387 841 conlatum,
1402 810 1510 843 legibus
1526 811 1582 836 tuis
1596 811 1650 844 ipsi
1667 819 1737 843 quo-

92 871 145 897 que
163 866 268 896 parent
284 862 428 896 religionis
445 863 602 893 antistites,
620 871 654 888 ne
674 863 719 889 vel
736 864 767 888 in
785 863 869 889 rebus
888 863 1040 889 mundanis
1058 864 1189 890 exclusae
1208 863 1362 889 videantur
1380 863 1496 889 obviare
1515 864 1685 894 sententiae,
1704 863 1737 890 et

90 911 226 953 reliqua.
250 911 295 943 Et
310 912 396 943 inter
410 916 516 943 cetera
533 911 700 944 Gallicana
722 912 859 944 concilia
876 912 1033 944 Toletana
1049 913 1192 954 synodus
1206 912 1322 944 dicit4:
1351 916 1476 950 Dignum
1495 919 1548 947 est,
1570 921 1603 942 ut
1617 917 1679 942 vita
1692 917 1737 941 in-

90 969 226 995 nocentis
245 968 341 995 nulla
360 968 518 995 maculetur
537 969 659 1002 pernicie
679 971 851 995 accusantis.
880 969 949 995 Ideo
969 970 1097 1003 quisquis
1115 979 1132 996 a
1150 970 1278 1003 quolibet
1295 970 1472 999 criminatur,
1491 978 1547 995 non
1565 972 1635 995 ante
1653 978 1736 996 accu-

89 1025 171 1048 satus
185 1022 325 1055 supplicio
340 1022 453 1052 detur,
470 1030 556 1055 quam
571 1025 720 1048 accusator
734 1026 933 1056 praesentetur
948 1027 1034 1056 atque
1049 1023 1143 1055 legum
1156 1026 1187 1048 et
1201 1031 1342 1048 canonum
1356 1023 1516 1048 sententiae
1530 1023 1735 1056 exquirantur.

184 1081 230 1111 10.
255 1080 321 1111 Nec
346 1081 565 1122 perfunctorie
587 1081 828 1112 transeundum
850 1084 909 1117 est,
933 1081 1020 1121 quod
1042 1081 1179 1121 quidam
1200 1080 1346 1112 volentes
1367 1080 1559 1111 Rothadum
1581 1084 1736 1117 statuere,

89 1134 147 1174 qui
164 1133 314 1164 nesciunt
329 1144 413 1174 quae
429 1133 583 1164 locuntur
594 1144 698 1174 neque
714 1134 752 1164 de
769 1133 889 1174 quibus
900 1133 1092 1171 adfirmant,
1109 1134 1299 1165 testimonia
1316 1145 1357 1164 ex
1372 1134 1508 1164 decretis
1518 1133 1595 1164 Iulii
1612 1133 1738 1175 papae⁵

91 1190 191 1228 atque
214 1186 377 1217 Victoris⁸
400 1190 433 1217 et
456 1187 665 1227 quorundam
688 1187 903 1227 antiquorum
925 1187 1121 1229 apostolicae
1146 1187 1228 1218 sedis
1254 1186 1451 1228 pontificum
1474 1187 1514 1218 ad
1540 1197 1639 1218 suum
1661 1197 1737 1218 con-

91 1239 294 1272 firmandum
313 1251 453 1272 errorem
472 1240 666 1276 adsumunt,
687 1240 841 1277 dicentes,
862 1241 949 1281 quod
970 1239 1080 1271 nullus
1099 1241 1271 1282 episcopus
1290 1240 1360 1271 sine
1378 1240 1577 1271 auctoritate
1594 1239 1738 1271 Romani

91 1293 257 1335 pontificis
282 1293 385 1334 possit
409 1293 539 1334 deponi,
563 1304 642 1324 cum
659 1303 892 1334 saepenumero
910 1293 1028 1324 iudicia
1046 1293 1257 1334 depositionis
1275 1293 1313 1324 de
1331 1293 1490 1335 episcopis
1507 1293 1542 1323 in
1558 1292 1738 1324 canonibus

90 1350 123 1378 et
138 1347 172 1378 in
188 1347 325 1377 decretis
338 1346 509 1377 Romanae
524 1346 607 1377 sedis
623 1345 821 1387 pontificum
836 1346 1049 1387 releganturb.
1075 1346 1119 1377 Et
1134 1357 1249 1378 verum
1265 1346 1399 1387 quidem
1416 1346 1595 1377 nescientes
1610 1346 1737 1382 dicunt,

89 1403 256 1441 quantum
277 1400 319 1430 ad
338 1399 436 1430 verba
460 1399 614 1440 pertinet,
637 1400 692 1430 sed
714 1399 795 1431 falsa
818 1410 875 1441 pro
896 1400 980 1430 veris
1001 1399 1191 1437 adfirmant,
1213 1403 1381 1440 quantum
1401 1400 1443 1430 ad
1464 1410 1598 1430 sensum
1619 1409 1739 1440 pravae

90 1464 167 1484 suae
184 1453 467 1494 interpretationis
485 1456 623 1494 spectat,
643 1453 687 1484 sic
705 1453 744 1483 de
763 1453 860 1483 sacris
877 1452 1059 1484 canonibus
1078 1453 1245 1489 facientes,
1264 1452 1349 1483 sicut
1367 1452 1485 1484 Petrus
1502 1453 1541 1483 de
1559 1451 1653 1483 Pauli
1671 1452 1738 1493 epi-

90 1505 182 1538 stolis
208 1506 369 1547 quosdam
397 1505 496 1546 egisse
517 1506 722 1537 demonstrat
743 1506 867 1537 dicens:
889 1505 941 1537 ‘In
962 1506 1081 1547 quibus
1102 1509 1181 1536 sunt
1201 1506 1365 1547 quaedam
1385 1505 1532 1536 difficilia
1553 1504 1735 1542 intellectu,
1752 1512 1925 1537 2-Petr-8,16-

89 1570 173 1601 quae
198 1559 323 1590 indocti
350 1563 383 1590 et
411 1558 578 1590 instabiles
605 1560 787 1600 depravant
814 1559 899 1590 sicut
924 1563 958 1590 et
983 1563 1106 1590 ceteras
1125 1559 1303 1600 scripturas
1323 1559 1365 1590 ad
1384 1569 1480 1590 suam
1500 1559 1648 1600 ipsorum
1668 1569 1738 1600 per-

92 1612 276 1644 ditionem’.

179 1676 225 1706 ll.
253 1674 303 1705 Sic
325 1678 357 1705 et
378 1674 445 1711 isti,
465 1674 523 1715 qui
543 1673 661 1705 Volunt
682 1673 780 1704 libere
800 1674 917 1704 licere⁷
939 1673 999 1704 sibi
1020 1676 1097 1711 quod
1116 1677 1196 1708 libet,
1216 1674 1274 1704 hoc
1297 1674 1336 1704 de
1355 1673 1537 1704 canonibus
1559 1674 1737 1714 proferunt,

89 1728 176 1769 quod
191 1727 321 1764 volunt,
345 1731 378 1758 et
393 1727 452 1758 hoc
470 1728 610 1769 proferre
626 1728 820 1763 detrectant,
837 1728 924 1767 quod
940 1727 1075 1757 revereri
1092 1730 1134 1763 et,
1154 1738 1191 1758 ne
1208 1727 1243 1757 in
1258 1726 1313 1758 illa
1328 1726 1488 1763 incidant,
1505 1736 1616 1757 cavere
1631 1729 1738 1757 atten-

89 1782 216 1813 tissime
234 1780 365 1812 debent.
385 1780 458 1817 Sed,
477 1781 562 1811 sicut
580 1781 741 1821 scriptum
759 1785 818 1816 est,
837 1780 926 1811 ‘haec
944 1780 1092 1821 oportuit
1110 1780 1213 1811 iacere
1231 1784 1264 1810 et
1281 1779 1336 1810 illa
1355 1791 1421 1810 non
1439 1778 1641 1820 relinquere’,
1659 1779 1736 1810 haec
1752 1773 1934 1823 ffiffffiffsssffl

90 1838 123 1866 et
148 1834 203 1865 illa
229 1835 430 1875 proferentes
453 1837 553 1874 atque
578 1838 728 1864 tenentes
752 1833 871 1864 debent
897 1833 1079 1874 intellegere
1106 1844 1172 1863 non
1195 1833 1358 1864 contraria
1383 1832 1444 1863 sibi
1469 1843 1575 1863 sacros
1599 1843 1739 1863 canones

91 1888 279 1919 decrevisse.
304 1887 349 1918 Et
366 1891 504 1928 utraque
522 1898 623 1918 manu
640 1891 771 1918 utentes
788 1898 844 1928 pro
861 1887 994 1917 dextera
1010 1890 1109 1927 atque
1126 1890 1163 1916 ut
1179 1886 1344 1927 sapientes
1359 1887 1442 1917 duos
1457 1885 1567 1917 oculos
1582 1885 1738 1916 habentes

90 1941 126 1972 in
143 1941 250 1982 eapite
269 1940 453 1981 intellegere
472 1940 592 1971 debent
612 1952 677 1971 non
695 1939 803 1971 solum
821 1940 855 1970 in
874 1939 992 1980 regulis
1010 1940 1119 1976 sacris,
1138 1949 1222 1980 quae
1240 1940 1354 1970 eodem
1373 1939 1492 1980 spiritu
1512 1938 1737 1980 promulgatae

91 1998 181 2031 sunt,
195 2004 260 2035 quo
275 1998 308 2024 et
322 1998 436 2025 sancta
451 1994 613 2035 scriptura
628 1998 677 2024 est
692 1993 862 2035 inspirata,
878 2003 993 2024 verum
1007 1997 1040 2024 et
1056 1993 1089 2023 in
1104 1993 1217 2023 eadem
1232 2003 1321 2023 sacra
1336 1993 1498 2033 scriptura
1514 1991 1739 2032 intellegentes

91 2048 170 2079 scire
190 2047 318 2078 studere
337 2057 420 2088 quae
441 2048 602 2083 nesciunt,
623 2046 745 2078 scilicet
765 2047 943 2077 sententias
964 2057 1029 2076 non
1049 2045 1109 2076 sibi
1129 2046 1271 2077 invicem
1290 2057 1356 2076 esse
1375 2046 1566 2082 contrarias,
1586 2056 1671 2086 quae
1690 2045 1739 2075 in-

92 2100 289 2142 sipientibus
308 2104 340 2131 et
360 2101 394 2131 in
415 2111 498 2131 novo
518 2104 550 2131 et
570 2101 603 2131 in
622 2101 724 2131 veteri
744 2103 942 2131 testamento
963 2100 1048 2130 inter
1067 2110 1099 2129 se
1118 2099 1298 2140 discrepare
1316 2099 1483 2129 videntur.

1754 1883 1802 1907 Vgl.
1813 1883 1862 1903 Iud.
1875 1883 1941 1907 ³15.

1753 1910 1949 1935 Vgl.Eecles.2,14.

183 2164 231 2193 12.
259 2163 336 2203 Cap.
350 2162 377 2193 I.
394 2163 558 2193 Dominus
575 2163 654 2193 dicit
673 2173 727 2203 per
742 2162 950 2203 prophetam:
969 2160 1060 2192 ‘Nolo
1081 2164 1220 2192 mortem
1239 2160 1437 2201 peccatoris’.
1455 2160 1498 2191 Et
1516 2161 1555 2191 de
1572 2159 1646 2191 Heli
1665 2159 1739 2190 filiis
1762 2167 1842 2187 Ezech-
1860 2167 1943 2192 33,11-

91 2216 126 2247 in
139 2215 220 2247 libro
235 2227 348 2257 regum
362 2215 491 2256 legitur,
505 2216 582 2256 quia
598 2227 663 2246 non
679 2219 830 2256 poterant
846 2219 975 2256 patrem
988 2215 1111 2250 audire,
1125 2214 1283 2254 quoniam
1296 2213 1402 2244 voluit
1415 2214 1504 2244 Deus
1518 2224 1571 2244 eos
1584 2213 1736 2244 occidere.
1753 2206 1902 2256 wigfssgfeg'

183 2278 261 2319 Cap.
275 2278 320 2308 Π.
337 2277 381 2309 Et
399 2277 556 2309 Salomon
571 2278 776 2308 coniunctim
792 2277 886 2307 dicit:
903 2276 962 2308 ‘Ne
979 2276 1172 2317 respondeas
1189 2275 1290 2306 stulto
1308 2276 1403 2306 iuxta
1422 2275 1603 2306 stultitiam
1619 2274 1736 2306 suam'.
1751 2281 1817 2301 Prov-
1830 2282 1896 2306 26,4·

92 2331 151 2363 Et:
170 2330 355 2372 ‘Responde
375 2330 477 2361 stulto
498 2331 592 2362 iuxta
613 2330 792 2361 stultitiam
812 2329 930 2360 suam'.
1755 2334 1897 2358 &ov-26&-

186 2394 264 2434 Cap.
277 2393 340 2423 III.
359 2392 420 2424 Sed
437 2396 469 2424 et
485 2393 562 2434 quia
578 2393 612 2423 in
627 2393 734 2423 Adam
751 2402 864 2423 omnes
876 2391 1065 2432 perivimus,
1083 2390 1185 2421 ‘venit
1202 2389 1289 2421 filius
1299 2390 1442 2421 hominis
1458 2400 1611 2430 quaerere
1627 2393 1660 2420 et
1676 2389 1736 2420 sal·
1752 2383 1895 2434 νῆιῇῥξθῑ·

41 2446 68 2466 4⁰
92 2456 168 2477 vare
187 2447 276 2487 quod
296 2446 456 2487 perierat'.
477 2446 521 2476 Et
541 2447 609 2487 ipse
629 2446 723 2476 dicit:
742 2445 829 2476 ‘Non
848 2455 922 2475 sum
944 2444 1062 2475 missus
1083 2444 1143 2474 nisi
1163 2444 1204 2474 ad
1224 2454 1309 2480 oves,
1330 2454 1414 2484 quae
1435 2444 1603 2484 perierunt
1621 2444 1739 2474 domus
1754 2437 1932 2487 ζιζῖὶῇῗῄῗῗη,

93 2498 216 2530 Israel’.
1752 2502 1837 2524 Matth.
1848 2503 1882 2526 15,
1893 2502 1928 2524 24.

178 2617 201 2643 ὃ)
220 2614 254 2637 ad
271 2622 308 2636 nr<
327 2614 372 2644 avj
392 2614 452 2637 Rus.
473 2614 503 2637 B.
610 2612 633 2642 ¹³)
652 2620 713 2637 ntur
730 2613 775 2642 αιι]
795 2613 854 2635 Has.
879 2612 909 2636 B.

188 2703 212 2731 l)
232 2702 262 2727 C.
278 2701 302 2731 2,
328 2701 405 2726 Thiel
424 2701 450 2731 I,
466 2701 531 2729 382&-
554 2701 706 2726 Hz'nschins
727 2700 755 2725 S.
769 2700 821 2725 (554
839 2699 936 2732 (-J.-.K
953 2699 1005 2724 637
1026 2719 1031 2723 .
1155 2699 1181 2731 2)
1207 2699 1270 2724 MG.
1288 2699 1376 2732 Epist.
1399 2699 1442 2725 II.
1460 2699 1511 2724 414
1530 2698 1620 2731 (ΙΝ-Ε
1638 2698 1734 2730 1912).

97 2745 124 2776 3)
142 2745 220 2771 Tkiel
236 2746 261 2773 I,
283 2746 349 2773 351:
371 2745 523 2771 Hinschius
544 2745 572 2770 S.
586 2745 638 2770 639
662 2745 757 2777 (ιλ-Κ.
781 2744 858 2776 632).
986 2744 1013 2774 4)
1036 2743 1188 2768 Hinschius
1208 2743 1237 2768 S.
1251 2743 1303 2768 378
1320 2752 1340 2768 c.
1355 2743 1397 2768 11.
1534 2744 1561 2774 5)
1579 2743 1635 2775 Vql.
1658 2743 1734 2767 Decr.

42 2789 71 2809 ⁴⁵
97 2789 155 2814 Jul.
183 2798 204 2816 c.
226 2790 250 2820 6,
275 2789 429 2815 Hire-§chius
452 2790 479 2814 S.
494 2789 546 2814 459
573 2789 668 2819 (ιλ-Κ.
694 2788 740 2821 ΐξ
754 2788 830 2820 195).
857 2802 895 2806 —-
918 2787 946 2813 S.
964 2787 1034 2813 auch
1050 2787 1141 2812 Neues
1157 2787 1258 2813 Archiv
1280 2787 1323 2815 44,
1341 2787 1382 2812 62.
1530 2788 1556 2818 6)
1578 2786 1633 2818 Vql.
1658 2786 1733 2812 Decr-

93 2833 158 2859 Vici.
186 2843 206 2859 c.
221 2834 244 2859 21.
264 2835 288 2860 5.
308 2834 460 2859 Hinschias
476 2834 504 2858 S.
520 2834 571 2859 128
591 2833 685 2865 (J.-K.
705 2833 747 2865 sffg'
763 2833 819 2864 74).
945 2833 972 2863 Τ)
994 2831 1050 2864 Vql.
1068 2831 1133 2856 oben
1149 2832 1177 2856 S.
1193 2831 1244 2856 126
1259 2832 1289 2856 Z.
1304 2831 1364 2863 321.
1384 2831 1440 2856 mul
1456 2831 1491 2856 A.
1507 2831 1531 2855 9.

1476 2883 1524 2909 18*
