2272 3197
299 268 471 298 849—850.

338 315 386 337 ναι,
399 314 481 334 Mami,

367 342 402 363 25,
414 342 448 359 64.

295 368 342 391 Vssl.
356 367 416 390 Epir.
428 367 447 389 ⁶3,
460 368 483 389 ὃς

310 394 377 414 Eoell.
391 394 425 416 23.
438 394 473 412 ¹21.

357 751 414 773 ΕΡΙΙ.
429 752 446 773 l,
459 752 477 769 s),

346 1056 394 1102 Vglfi.
409 1055 479 1101 {2¹00st

347 1122 399 1145 Sap.
412 1123 431 1145 1,
445 1123 478 1141 14.

301 1176 353 1199 Sap.
365 1176 385 1199 2,
397 1176 431 1194 24.
443 1176 479 1194 2¹5.

303 1229 385 1249 Erech.
398 1229 432 1252 18,
444 1229 479 1248 52.

346 1283 399 1302 Luc.
413 1283 446 1305 13,
459 1283 478 1301 5.

316 1336 399 1356 Matth.
410 1336 431 1359 4,
445 1336 478 1354 17.

301 1389 384 1410 matth.
398 1390 431 1413 11,
444 1390 478 1408 12.

302 1444 323 1462 ¹2.
334 1442 383 1462 Oor.
397 1443 431 1465 12,
443 1443 477 1461 ‘21⁴

351 1531 399 1554 vgl.
413 1530 464 1553 Sap.

339 1559 372 1580 ll,
385 1558 477 1576 24-274

321 1916 340 1935 2.
353 1916 414 1935 Petr.
426 1916 447 1939 2,
460 1916 480 1934 3.

398 1968 448 1988 lud.
460 1969 479 1987 4.

300 2074 384 2094 matth.
398 2074 433 2097 25,
443 2075 479 2093 41.

303 2126 387 2146 matth.
399 2127 433 2150 25,
446 2127 480 2146 34.

506 176 539 202 18
1073 171 1255 197 HINKMAR
1280 170 1356 195 VON
1378 169 1498 194 REIMS
1520 169 1563 194 37.

501 276 635 305 reguum
653 269 824 296 aeternum
843 268 876 294 et
893 262 1012 303 quibus
1029 260 1133 300 gratia
1152 270 1210 290 sua
1228 260 1385 289 (13601116ι
1405 257 1447 288 sit
1466 256 1546 288 illud
1565 257 1677 298 ipsum
1695 267 1833 296 regnum
1850 260 2034 294 aeternum,
2052 257 2141 298 quod

499 322 531 349 et
547 318 592 349 616
608 316 863 359 praedestinavit
873 315 926 346 ‘ab
936 314 1057 353 origine
1077 311 1214 344 mundi’.
1232 309 1414 342 Praescivit
1428 312 1544 342 autem
1560 312 1709 347 tantum,
1722 319 1788 340 non
1805 309 2072 350 praedestinavit,
2083 309 2141 351 qui

499 383 539 403 ex
559 382 595 402 eo
615 369 769 411 generati,
790 367 940 399 similiter
961 369 1079 396 natura
1100 364 1158 395 filii
1178 364 1244 394 irae
1263 367 1298 394 et
1318 362 1520 404 perditionis,
1540 365 1601 393 aut
1621 362 1722 393 fidem
1742 372 1809 392 non
1828 365 1938 393 essent
1957 362 2141 404 suscepturi

499 435 600 464 neque
622 424 825 453 sacramenta
848 417 1082 459 redemptionis
1103 416 1289 458 percepturi
1310 419 1370 447 aut
1392 418 1468 456 post
1490 415 1737 456 percepcionem
1758 415 1937 446 eorundem
1959 425 2140 447 sacramen-

496 482 606 507 torum
627 475 667 505 ad
689 472 918 504 infidelitatem
938 474 1038 510 atque
1059 469 1260 511 apostasiam
1282 468 1418 499 redituri
1439 471 1473 499 et
1495 478 1551 509 per
1575 467 1661 499 mala
1683 478 1781 509 opera
1802 471 1836 498 et
1856 478 1910 499 eor
1932 467 2141 509 inpaenitens

495 528 621 560 diabolo
636 525 765 568 propria
777 524 949 555 voluntate
964 534 1019 564 per
1033 522 1219 554 libertatem
1231 521 1358 553 arbitrii
1372 531 1474 562 usque
1486 521 1527 552 ad
1541 520 1643 552 finem
1653 520 1743 552 vitae
1755 520 1927 552 adhaesuri
1939 524 1973 552 et
1986 520 2020 552 in
2033 521 2143 562 ignem

495 585 665 613 aeternum
691 589 769 609 cum
795 576 934 613 diabolo,
961 576 1015 607 cui
1041 576 1212 606 adhaerere
1241 585 1343 615 usque
1370 574 1405 605 in
1433 573 1534 605 finem
1561 571 1758 614 elegerantb‚
1787 573 1936 615 perituri.
1965 574 2016 605 Ad
2041 584 2143 615 quem

496 636 603 674 ignem
630 642 683 662 eos
709 631 812 661 ituros
837 640 915 661 cum
940 628 1079 666 diabolo,
1106 628 1160 659 cui
1186 628 1303 658 servire
1331 627 1399 658 sine
1419 626 1651 658 retractatione
1675 626 1729 658 vel
1747 627 1942 658 retractione
1968 626 2142 668 elegerant,

495 698 548 719 eos
564 687 653 717 Deus
673 683 856 725 praescivit,
882 693 947 713 non
972 681 1239 724 praedestinavit,
1264 681 1341 721 quia
1366 691 1423 711 nec
1442 683 1576 722 propter
1599 690 1653 711 eos
1670 679 1766 712 illum
1783 680 1895 722 ipsum
1911 680 2032 721 ignem,
2058 680 2143 711 sicut

495 750 587 781 saepe
618 737 775 773 diximus,
807 736 894 772 fecit,
924 735 1022 776 quia⁰
1054 735 1081 765 si
1110 745 1164 765 eos
1193 733 1467 775 praedestinasset
1495 733 1537 765 ad
1567 732 1678 773 ignem
1708 732 1905 764 ‘secundum
1934 733 2143 775 propositum

494 790 674 823 voluntatis
697 788 796 825 suae',
822 788 907 820 mala
924 792 1007 819 esset
1028 787 1106 819 boni
1120 787 1181 819 Dei
1195 786 1361 824 voluntas,
1384 786 1473 827 quod
1489 785 1557 817 fieri
1575 797 1641 817 non
1658 789 1778 827 potest,
1801 790 1835 817 et
1856 786 1920 828 ipsi
1941 786 2036 818 aliter
2050 796 2143 828 agere

495 856 559 876 non
586 840 751 885 possentd.
778 842 840 873 nisi
865 841 950 873 sicut
972 840 1206 883 praedestinati
1234 840 1276 871 ad
1305 839 1425 880 ignem,
1455 839 1489 870 id
1510 843 1560 870 est
1583 838 1682 869 maljsl
1704 842 1838 877 operibus
1861 850 1963 880 usque
1984 839 2019 871 in
2041 838 2144 871 finem

494 897 698 933 inservirent,
734 895 855 936 quibus
892 894 975 936 ignis
1009 894 1077 925 sine
1110 893 1174 924 fine
1201 893 1347 930 debetur,
1381 896 1414 923 et
1440 891 1563 924 iniuste
1593 895 1704 934 ageret
1728 893 1818 924 Deus
1850 892 1968 930 iustus,
2000 892 2058 933 qui
2089 903 2144 924 eos

494 951 637 993 puniret,
656 959 739 990 quos
756 948 839 980 tales
858 948 988 985 fecerat,
1005 947 1063 988 qui
1081 947 1159 978 boni
1177 957 1245 977 esse
1264 957 1331 977 non
1350 949 1495 988 possent,
1513 956 1551 977 ac
1570 945 1706 987 perinde
1728 949 1766 975 ad
1787 957 1858 983 opus
1874 950 1973 975 mortis
1987 950 2047 983 ipse
2060 956 2144 987 quos

495 1009 653 1035 creaverat
672 1005 900 1040 praecipitaret.
929 1000 990 1032 Sed
1007 1004 1082 1030 absit
1101 1003 1154 1029 hoc
1173 1012 1191 1030 a
1209 1003 1308 1029 divino
1327 1003 1487 1037 proposito;
1514 1011 1571 1029 non
1590 1003 1666 1028 enim
1686 1002 1783 1028 volens
1802 1003 1986 1036 iniquitatem
2004 1005 2049 1028 est
2067 1003 2143 1029 Deus

495 1070 546 1087 nec
565 1059 714 1086 mandavit
733 1059 865 1091 cuiquam
885 1058 969 1091 impie
989 1065 1081 1091 agere,
1103 1053 1189 1084 sicut
1209 1052 1371 1093 scriptura
1391 1052 1483 1089 dicit,
1504 1064 1556 1082 nec
1575 1056 1660 1082 alicui
1679 1055 1759 1081 dedit
1777 1055 1975 1082 laxamentum
1993 1055 2144 1089 peccandi;

492 1111 574 1140 ‘fecit
593 1113 678 1142 enim,
697 1114 731 1137 ut
749 1114 843 1137 essent
862 1111 966 1141 omnia,
986 1113 1016 1136 et
1034 1109 1175 1136 sanabiles
1194 1095 1325 1135 nationes
1344 1109 1420 1134 orbis
1439 1106 1602 1136 terrarum'.
1623 1105 1751 1135 ‘Invidia
1770 1111 1868 1135 autem
1883 1109 1990 1135 diaboli
2009 1117 2084 1135 mors
2102 1109 2143 1134 in-

494 1167 584 1194 travit
602 1166 631 1191 in
650 1165 748 1191 orbem
767 1167 915 1190 terrarum.
943 1163 1099 1189 Imitantur
1123 1162 1238 1190 autem
1258 1161 1348 1192 illum,
1375 1162 1422 1196 qui
1449 1165 1518 1188 sunt
1542 1171 1578 1188 ex
1597 1165 1678 1196 parte
1704 1158 1801 1189 illius'.
1827 1159 1873 1189 Et
1892 1158 1961 1200 ipse
1979 1158 2144 1190 Dominus

494 1216 588 1248 dicit:
607 1214 700 1246 ‘Nolo
718 1217 858 1245 mortem
874 1212 1073 1255 peccatoris’,
1089 1216 1123 1243 et
1137 1212 1171 1243 in
1186 1211 1352 1253 evangelio
1367 1211 1409 1242 ad
1423 1212 1601 1252 quosdam:
1620 1211 1688 1243 ‘Sic
1708 1215 1742 1243 et
1755 1222 1814 1243 vos
1830 1211 2001 1254 peribitis',
2022 1211 2143 1253 inquit,

493 1269 569 1300 ‘nisi
588 1267 826 1309 poenitentiam
845 1266 983 1307 egeritis'
1000 1284 1044 1289 —
1061 1268 1263 1307 quapropter
1282 1275 1348 1296 non
1368 1264 1523 1306 perirent,
1543 1265 1570 1296 si
1590 1264 1832 1306 poenitentiam
1849 1268 2003 1306 agerent⁹
2019 1283 2073 1302 —‚
2092 1263 2145 1296 et¹

495 1320 608 1353 itemst
634 1319 891 1351 ‘Poenitentiam
910 1319 1019 1360 agite’,
1040 1317 1196 1350 omnibus
1215 1317 1349 1355 clamat,
1369 1317 1666 1360 ‘appropinquabit
1686 1318 1776 1350 enim
1796 1328 1935 1359 regnum
1954 1317 2143 1356 caelorum',

494 1379 542 1407 et:
569 1375 734 1414 ‘Regnum
754 1372 920 1404 caelorum
940 1372 1011 1404 vim
1033 1371 1161 1413 patitur
1183 1375 1216 1403 et
1237 1371 1375 1402 violenti
1396 1371 1533 1412 rapiunt
1555 1371 1660 1402 illud’.
1688 1371 1734 1402 Et
1753 1370 1893 1403 Paulus:
1924 1371 1985 1403 ‘Ut
2013 1370 2144 1412 lugeam

496 1427 628 1464 multos,
648 1426 705 1467 qui
725 1430 803 1457 ante
824 1429 1042 1466 peccaverunt
1062 1428 1096 1455 et
1116 1436 1183 1456 non
1203 1427 1341 1465 egerunt
1361 1424 1626 1466 poenitentiam',
1648 1427 1681 1455 et
1703 1423 1810 1456 multa
1829 1424 1910 1462 alia;
1931 1435 2009 1456 cum
2029 1424 2142 1464 etiam,

494 1480 643 1512 videlicet
665 1479 817 1510 omnium
830 1478 983 1515 Domino,
1008 1489 1026 1509 a
1051 1482 1165 1509 sancta
1189 1477 1351 1519 scriptura
1374 1477 1510 1509 dicitur:
1533 1476 1708 1508 ‘Misereris
1724 1477 1900 1515 omnium',
1918 1477 2071 1516 Domine,
2098 1478 2145 1511 ‘et

495 1533 575 1565 nihil
594 1532 692 1564 odisti
713 1543 838 1569 eorum,
857 1542 940 1572 quae
963 1531 1090 1568 fecisti',
1106 1530 1318 1562 dissimulans
1340 1534 1473 1572 peccata
1495 1531 1670 1562 hominum
1693 1534 1826 1572 propter
1848 1531 2090 1572 poenitentiam
2111 1535 2146 1564 et

496 1597 630 1628 parcens
649 1584 723 1622 illis,
743 1585 820 1626 quia
840 1588 878 1615 tu
898 1596 931 1616 es
950 1584 1105 1616 dominus
1123 1585 1223 1615 Deus.

583 1638 678 1671 Unde
697 1638 781 1669 sicut
806 1642 839 1669 et
863 1649 903 1668 ex
921 1637 993 1669 aliis
1013 1636 1127 1668 multis
1145 1641 1337 1668 sanctarum
1355 1637 1595 1679 scripturarum
1613 1636 1775 1678 exemplis
1799 1636 2058 1678 intellegendum
2082 1642 2142 1676 est,

493 1693 571 1733 quia
593 1702 657 1722 non
677 1694 727 1722 est
744 1691 841 1722 homo
863 1691 1135 1732 praedestinatus,
1157 1690 1211 1721 sed
1231 1690 1413 1732 praescitus
1430 1690 1473 1721 ad
1492 1700 1650 1732 poenam;
1671 1701 1776 1731 poena
1795 1694 1911 1722 autem
1930 1694 1963 1721 et
1983 1691 2143 1732 praescita

495 1749 544 1776 est
561 1748 594 1775 et
612 1744 852 1786 praedestinata
870 1743 943 1781 illis,
962 1744 1019 1784 qui
1038 1743 1133 1775 malis
1149 1743 1302 1784 operibus
1319 1747 1439 1774 vacant
1457 1747 1490 1774 et
1507 1744 1542 1774 in
1559 1743 1605 1774 eis
1622 1747 1867 1784 perseverantes
1883 1743 1991 1775 vitam
2008 1742 2142 1782 finiunt,

496 1798 580 1829 sicut
597 1801 630 1828 et
645 1797 762 1828 beatus
777 1797 982 1837 Augustinus
1000 1797 1033 1827 in
1052 1796 1131 1828 libro
1150 1797 1189 1827 de
1208 1796 1505 1837 praedestinatione
1522 1796 1636 1828 dicit²z
1656 1800 1740 1830 Audi,
1758 1796 1922 1836 inquiens,
1941 1800 2059 1826 Petrum
2076 1809 2144 1835 apo-

495 1854 609 1884 stolum,
625 1862 688 1879 cum
704 1854 833 1880 futuros&
847 1862 906 1879 esse
922 1853 1186 1887 pseudoprophetas
1200 1856 1230 1878 et
1246 1853 1395 1886 magistros
1412 1853 1561 1879 mendaces
1583 1856 1613 1879 et
1627 1856 1776 1886 apostatas
1790 1853 1821 1878 in
1835 1853 1953 1880 66616613
1975 1853 2055 1884 dicit,
2070 1854 2145 1881 sicut

496 1908 611 1933 fuerunt
627 1907 655 1932 iu
673 1907 778 1940 populo
794 1907 894 1936 veteri,
910 1903 1026 1940 ‘quibus
1043 1903 1326 1940 iuditium’jinquid,
1342 1903 1413 1933 ‘iam
1430 1906 1497 1932 olim
1514 1915 1572 1932 non
1589 1909 1690 1937 cessat,
1707 1909 1737 1932 et
1752 1906 1876 1940 perditio
1891 1915 1990 1932 eorum
2007 1915 2065 1933 non
2081 1907 2143 1934 dor-

496 1957 601 1986 mitat’.
617 1959 691 1985 Item
706 1959 793 1985 Iudas
808 1959 966 1993 apostolus:
982 1956 1250 1989 ‘Subiutroierunt'‚
1265 1960 1316 1990 ait,
1333 1956 1464 1993 ‘quidam
1478 1960 1615 1990 homines,
1632 1959 1680 1992 qui
1695 1959 1762 1985 olim
1777 1959 1944 1993 praescripti
1960 1963 2029 1985 sunt
2044 1960 2075 1985 in
2091 1960 2145 1986 hoc

495 2013 640 2042 iudicium,
659 2012 748 2046 impij,
767 2013 888 2045 gratiam
908 2013 1047 2038 Domini
1068 2009 1170 2040 nostri
1189 2012 1392 2038 transferentes
1410 2013 1441 2038 in
1458 2013 1601 2039 luxuriam
1620 2015 1650 2038 et
1668 2011 1760 2038 solum
1779 2012 1988 2039 dominatorem
2006 2015 2036 2038 et
2054 2013 2143 2039 domi-

495 2074 564 2091 num
572 2065 667 2091 Iesum
677 2065 820 2091 Christum
835 2062 990 2098 negantes’.
1007 2065 1046 2091 Et
1056 2066 1195 2091 Dominus
1209 2065 1238 2090 in
1252 2065 1430 2099 evangelion:
1444 2062 1502 2091 ‘Ite
1516 2066 1546 2091 in
1560 2066 1654 2099 ignem
1669 2069 1826 2096 aeternum,
1842 2073 1927 2098 quem
1941 2066 2145 2100 praeparavit

496 2122 577 2152 pater
600 2126 678 2143 meus
700 2118 813 2143 diabolo
835 2121 864 2143 et
886 2118 992 2151 angelis
1013 2115 1099 2147 eius’3
1122 2118 1341 2152 praedestinatis
1363 2121 1474 2145 autem:
1495 2115 1621 2148 ‘Venite,
1644 2119 1786 2144 benedicti
1808 2119 1898 2152 patris
1921 2119 1985 2149 mei,
2008 2119 2144 2153 percipite

496 2180 612 2204 regnum
629 2173 761 2204 paratum
778 2171 858 2196 vobis
874 2171 911 2197 ab
935 2171 1040 2204 origine
1057 2168 1177 2201 mundi’,
1194 2171 1223 2197 id
1239 2174 1283 2198 est
1298 2171 1552 2205 praedestinatum.
1569 2172 1704 2198 Tenenda
1719 2174 1764 2197 est
1778 2172 1865 2205 igitur
1880 2172 2045 2198 inconcusse
2061 2172 2145 2197 huius

495 2224 697 2257 disputationis
715 2220 808 2256 ratio,
825 2232 896 2257 quae
915 2224 1084 2250 testimoniis
1100 2224 1197 2250 claret
1215 2221 1467 2262 scripturarum:
1486 2227 1648 2258 peccatores
1662 2225 1692 2250 in
1707 2224 1788 2250 malis
1803 2225 1923 2258 propriis
1937 2228 2004 2251 ante
2013 2234 2039 2255 a,
2058 2233 2144 2258 quam

495 2279 589 2302 essent
605 2277 634 2302 in
651 2276 766 2303 mundo.
784 2277 937 2310 praescitos
953 2285 1013 2302 esse
1030 2280 1154 2307 tantum,
1172 2285 1228 2303 non
1245 2277 1487 2311 praedestinatos;
1504 2285 1626 2311 poenam
1643 2280 1740 2303 autem
1757 2278 1797 2303 eis
1813 2286 1873 2304 esse
1890 2277 2144 2311 praedestinatam,

495 2329 650 2355 seeundum
670 2329 746 2362 quod
765 2330 897 2363 praesciti
922 2333 998 2355 sunt.
1024 2326 1068 2357 Et
1088 2325 1355 2362 maleintellexit
1374 2326 1594 2364 Gotescalcus,
1620 2327 1709 2367 quod
1726 2326 1801 2358 vult
1820 2327 1924 2358 facere
1943 2327 1977 2358 in
1995 2326 2054 2357 hoo
2074 2325 2142 2358 loco

494 2378 725 2415 differentiam,
743 2378 836 2419 quasi
850 2378 1055 2419 Augustinus
1079 2382 1216 2410 tantum
1239 2379 1376 2410 dixisset
1400 2380 1434 2410 in
1454 2379 1548 2411 malis
1566 2379 1707 2420 propriis
1724 2383 1909 2421 peccatores
1925 2380 2034 2411 Deum
2053 2390 2143 2421 prae-

495 2431 600 2468 scisse,
635 2441 700 2462 000
728 2431 994 2472 praedestinasse,
1021 2435 1054 2462 et
1080 2431 1278 2463 intellexisse
1304 2432 1400 2464 illum
1426 2435 1610 2474 peccatores
1635 2432 1677 2462 ad
1704 2442 1845 2473 poenam
1872 2432 2142 2474 praedestinatos,

494 2484 571 2525 quia
588 2484 674 2515 dixit
697 2484 742 2514 eis
761 2494 901 2525 poenam
918 2484 1196 2525 praedestinatam
1215 2485 1324 2523 fuisse,
1348 2485 1442 2526 quasi
1465 2484 1677 2521 tantundem,
1703 2485 1730 2516 si
1754 2485 1800 2516 ita
1824 2485 1971 2522 dixisset,
1998 2496 2065 2516 non
2087 2495 2142 2516 va-

578 2584 601 2611 a)
620 2581 719 2605 daturis
738 2582 768 2605 B.
877 2580 901 2610 1’)
919 2581 1021 2611 elegant
1042 2582 1071 2605 B.
1173 2585 1196 2611 ⁰]
1216 2590 1268 2613 qua
1286 2582 1316 2605 B.
1421 2581 1445 2612 t¹)
1464 2582 1651 2609 Verb.(1*u21dl.,·
1670 2586 1779 2613 possunt
1799 2582 1828 2607 Β.
1930 2585 1953 2612 θ)
1974 2586 2094 2614 aegerent
2112 2583 2143 2607 Β.

499 2624 517 2653 ¹)
537 2626 621 2649 Eitem
643 2626 673 2649 Β.
761 2628 783 2655 8)
802 2625 868 2649 Verb.
884 2633 930 2649 aus
947 2626 1063 2649 futurum
1082 2626 1112 2649 Β.
1206 2625 1230 2655 ¹¹)
1249 2626 1429 2657 peccatoribus
1444 2628 1541 2657 erqfflnzt
1554 2626 1646 2650 Gundl.

589 2714 613 2743 1)
638 2713 693 2745 Vql.
724 2712 934 2744 Ps.-Au9ustm.
960 2712 1140 2745 Hypomneat.
1164 2712 1211 2739 Vl,
1233 2714 1255 2739 7.
1275 2713 1317 2739 11.
1344 2713 1440 2745 Migne
1468 2713 1510 2742 45,
1528 2712 1610 2739 1663.
1723 2714 1751 2745 2)
1773 2714 1904 2739 Viemnehr
1931 2714 2142 2747 Ps-Auqustin.

499 2757 674 2789 Hypomxnest.
691 2757 738 2783 I'I.
756 2758 780 2786 6,
799 2758 824 2783 8.
850 2757 943 2789 Miqm»
961 2757 1004 2783 45,
1023 2756 1115 2788 16111).

2169 741 2196 761 10

2170 1006 2197 1026 15

2170 1271 2198 1291 20

2169 1538 2197 1558 25

2170 1808 2198 1827 30

2170 2074 2197 2093 35

2169 2339 2198 2359 40

2168 2631 2196 2650 45
