2220 3192
617 200 804 227 HINKMAR
824 200 903 227 VON
922 200 1043 227 REIMS
1065 200 1214 227 134—135.
1711 198 1749 228 Sl

104 289 212 321 buerit
231 293 264 320 et
285 301 372 321 meos
391 301 564 328 sermones,
582 290 670 322 hunc
690 289 777 321 filius
794 290 937 322 hominis
955 289 1133 327 erubescet,
1151 300 1230 321 cum
1245 289 1373 321 venerit
1392 289 1426 320 in
1447 289 1618 321 maiestate
1637 300 1695 320 sua
1715 293 1747 321 et
1773 291 1848 323 860.

104 343 209 384 patris
230 346 264 374 et
287 346 477 375 sanctorum
498 343 701 384 angelorum.

195 396 299 427 Nemo
327 396 429 428 etiam
453 396 550 428 debet
577 396 762 428 exacerbari
787 396 925 427 audiens
950 396 1177 438 turpitudines
1204 395 1451 432 infirmitatum,
1478 406 1561 436 quas
1587 400 1750 427 venenata

105 448 283 480 diabolicae
297 449 513 490 malignitatis
524 449 686 481 calliditas
697 449 863 480 humanae
876 449 996 490 infligit
1009 448 1190 490 fragilitati,
1206 449 1309 480 sciens
1322 459 1354 480 se
1368 449 1549 480 secundum
1561 449 1750 490 apostolum
1766 456 1816 481 vel·
1828 457 1899 478 Hebr-
1911 456 1932 481 ὃ.
1943 457 1964 477 2·

66 512 78 532 ⁵
105 501 350 533 circumdatum
368 513 435 533 esse
450 501 644 534 infirmitate
662 506 695 533 et
709 502 917 533 considerans
936 513 968 533 se
983 502 1104 543 ipsum,
1125 513 1166 533 ne
1185 502 1267 533 forte
1286 505 1318 532 et
1337 502 1406 542 ipse
1424 505 1620 543 temptetur.
1639 502 1752 543 Neque

105 553 201 586 debet
220 558 374 591 metuere,
392 555 488 586 beato
505 555 633 586 dicente
653 555 803 596 Gregorio
820 555 855 585 in
872 555 982 596 regula
1000 554 1184 596 pastorali1,
1202 562 1246 589 ut,
1263 558 1333 584 dum
1349 559 1441 584 aliena
1458 561 1668 592 temptamenta
1685 567 1752 585 con-

105 610 301 637 descendendo
322 612 475 644 cognoscit,
491 608 612 639 eisdem
632 611 871 645 temptationibus
890 612 979 637 etiam
997 612 1057 645 ipse
1078 611 1215 644 pulsetur,
1237 611 1309 644 quia
1328 615 1358 637 et
1377 611 1447 637 haec
1465 611 1575 643 eadem,
1596 619 1646 645 per
1666 620 1753 645 quam

105 663 203 698 populi
229 663 385 690 multitudo
410 661 444 691 in
470 661 573 692 lutere
599 661 731 692 iubente
749 661 891 692 Domino
911 671 968 702 per
989 661 1122 701 Moysen
1142 660 1228 691 facto
1247 664 1375 695 diluitur,
1394 673 1470 698 aqua
1488 664 1587 698 procul
1604 664 1692 691 dubio
1709 665 1751 691 in-

107 717 250 750 quinatur.
271 716 347 743 Nam
366 716 436 743 dum
456 717 551 743 sordes
571 717 742 743 diluentium
762 717 890 751 suscipit,
912 717 993 750 quasi
1012 725 1079 742 suae
1101 716 1258 743 munditiae
1278 718 1461 743 serenitatem
1481 717 1584 751 perdit.
1607 716 1663 744 Sed
1682 718 1752 745 haec

54 777 81 797 ιο
103 777 286 803 nequaquam
304 770 412 803 pastori
430 770 559 797 timenda
578 773 654 801 sunt,
674 771 740 804 quia
759 770 820 796 Deo
837 770 981 795 subtiliter
999 772 1102 796 cuncta
1120 772 1258 803 pensante
1276 772 1359 796 tanto
1378 769 1487 796 facilius
1506 779 1523 796 a,
1547 779 1599 797 sua
1622 771 1751 805 eripitur,

107 825 215 857 quanto
234 823 440 849 misericordius
458 832 493 849 ex
512 824 604 850 aliena
621 824 812 857 temptatione
830 823 977 856 fatigatur.
996 819 1040 849 Et
1057 822 1153 849 ‘tanto
1170 818 1355 850 alienarum
1372 819 1608 852 infirmitatum
1626 821 1751 862 inpuri-

106 876 193 904 tates
214 876 247 903 et
270 872 435 913 patienter
456 873 568 904 audire
591 877 624 904 et
646 872 786 905 infirmis
810 871 995 904 medicinali
1016 871 1163 908 consili0,
1187 875 1287 912 prout
1307 872 1425 912 cuique
1448 873 1599 913 expedire
1621 874 1750 912 viderit,

107 925 202 957 debet
224 925 329 957 modis
348 926 502 957 omnibus
522 926 703 963 subvenire,
723 929 849 966 quanto
868 926 988 962 Deum,
1009 928 1047 955 ut
1066 925 1136 965 ipse
1156 935 1213 965 per
1233 925 1429 966 prophetam
1447 925 1537 962 dicit,
1559 927 1749 958 sustinendo
1766 934 1816 959 vsl-
1828 934 1950 959 1e1.6‚11.

107 978 252 1010 laborare
266 979 299 1009 in
315 979 434 1010 nostris
448 979 680 1020 iniquitatibus
694 983 727 1010 et
741 978 868 1010 occulta
882 978 1037 1009 dedecora
1052 981 1162 1008 nostra
1183 981 1215 1008 et
1236 978 1385 1018 ipsarum
1398 978 1500 1009 etiam
1513 979 1752 1019 cogitationum

0 1056 1 1059 ,
54 1042 81 1062 15
107 1032 325 1064 inmunditias
339 1033 525 1074 conspicere
540 1037 573 1064 et
590 1032 837 1064 misericorditer
853 1035 983 1073 portare
998 1031 1127 1062 diutina
1143 1031 1372 1071 expectatione
1388 1031 1534 1072 ignorare
1551 1043 1615 1062 non
1632 1036 1751 1073 potest.

105 1085 200 1117 Unde
218 1088 352 1116 sanctus
368 1086 575 1126 Augustinus
593 1086 627 1117 in
646 1085 726 1116 libro
745 1088 863 1126 quarto
881 1088 996 1115 contra
1015 1083 1185 1115 Iulianum
1202 1083 1315 1114 dicit²z
1336 1087 1395 1113 Nos
1414 1091 1497 1118 certe,
1517 1089 1540 1114 si
1559 1097 1615 1119 eos,
1633 1089 1663 1114 in
1683 1097 1752 1122 quos

106 1141 187 1168 nobis
206 1145 334 1175 potestas
353 1146 406 1173 est,
426 1145 493 1168 ante
512 1142 608 1168 oculos
627 1145 739 1168 nostros
758 1144 920 1175 perpetrare
939 1141 1044 1167 scelera
1063 1141 1273 1174 permittamus,
1293 1141 1332 1166 rei
1352 1149 1417 1166 cum
1434 1141 1503 1174 ipsis
1521 1141 1635 1167 erimus.
1661 1141 1753 1172 Quam

106 1203 172 1221 vero
192 1195 412 1221 innumerabilia
432 1195 478 1221 ille
499 1196 642 1229 permittit
663 1195 722 1221 fieri
743 1198 810 1220 ante
831 1194 927 1220 oeulos
948 1202 1023 1224 suos,
1047 1201 1118 1227 quae
1140 1193 1239 1226 utique
1261 1193 1284 1218 si
1305 1193 1442 1219 noluisset
1463 1194 1541 1220 nulla
1560 1195 1670 1221 ratione
1692 1203 1752 1228 per-

106 1248 254 1275 mitteret?
276 1248 315 1273 Et
333 1252 431 1274 tamen
450 1249 542 1274 iustus
562 1252 592 1274 et
612 1248 702 1274 bonus
722 1251 766 1273 est
784 1250 825 1278 et,
847 1247 923 1281 quod
944 1248 1017 1285 post
1038 1246 1227 1280 patientiam³
1253 1246 1304 1272 dat
1324 1246 1418 1272 locum
1440 1247 1640 1281 paenitentiae,
1656 1248 1753 1274 nolens

55 1307 81 1328 20
106 1301 230 1335 aliquem
252 1302 350 1335 perire.
381 1298 475 1336 Quod
497 1308 555 1329 cur
577 1297 647 1335 fiat,
671 1301 805 1329 sanctus
826 1295 1054 1328 demonstrat-*³
1076 1295 1248 1336 Gregorius
1270 1306 1438 1337 exponens
1460 1296 1640 1337 scripturae
1663 1298 1753 1328 testi-

109 1351 272 1383 monium:
295 1351 469 1380 ‘Altissimus
487 1358 532 1381 est
545 1355 621 1381 enim
636 1355 747 1388 patiens
760 1350 908 1384 redditor'‚
927 1349 1085 1390 quoniam
1103 1357 1134 1378 et
1148 1353 1258 1386 patitur
1279 1348 1363 1380 mala
1380 1353 1489 1380 nostra
1507 1356 1539 1379 et
1556 1353 1658 1379 reddit.
1678 1354 1753 1380 Nam
1769 1359 1839 1380 Eccu.
1850 1360 1871 1384 5,
1881 1361 1902 1380 4.

107 1415 177 1441 quos
198 1407 247 1433 diu
268 1412 302 1433 ut
324 1412 528 1434 convertantur
548 1408 662 1438 tolerat,
684 1415 740 1433 non
763 1415 912 1434 conversos
933 1406 1031 1432 durius
1052 1405 1193 1440 dampnat
1202 1400 1223 1430 b.

898 1591 966 1620 135.

190 1652 349 1683 Hinkmar
374 1657 507 1684 erstattet
530 1652 586 1691 aus
613 1651 750 1693 Ansraqe
770 1650 950 1690 Erzbz'sckos
973 1650 1131 1682 Gemthars
1156 1661 1216 1681 von
1241 1649 1327 1681 Ko'ln
1351 1651 1436 1681 einer
1462 1650 1587 1691 Synode
1611 1650 1663 1681 ein
1687 1651 1752 1682 ehe-

106 1705 280 1737 rechtliches
303 1705 471 1737 Gutachten
494 1704 565 1737 ὃθεν.
591 1705 770 1746 Enqeltrud,
794 1704 959 1736 Gemahlin
983 1704 1035 1735 (les
1058 1703 1173 1742 Gralen
1201 1704 1297 1735 Boso:
1321 1714 1352 1734 es
1376 1703 1451 1734 habe
1474 1703 1567 1734 deren
1593 1703 1754 1744 Ruclcqabe

55 1768 82 1788 25
106 1769 148 1790 an
170 1758 260 1789 ihren
281 1758 390 1789 Gatten
412 1769 451 1789 zu
472 1758 615 1799 erfolqen.
1487 1756 1599 1788 Herbst
1620 1756 1690 1788 860.

201 1829 263 1854 Hs„-
286 1830 369 1855 Paris
389 1829 434 1855 lat.
456 1829 526 1855 2866
548 1829 768 1859 Bl 120-124',
789 1829 874 1855 9,.J}z.
899 1829 969 1861 (B),
991 1828 1080 1853 lcollat.
1102 1828 1199 1853 Laehr.

200 1883 320 1909 Druck-e:
343 1883 488 1908 Cordesius
511 1883 612 1915 (1615)
636 1882 664 1907 S.
678 1882 730 1908 495
754 1883 821 1915 (aus
845 1882 900 1915 B),·
922 1881 1060 1911 Sirmond,
1083 1881 1194 1907 Hincm.
1216 1889 1298 1914 opera
1319 1880 1362 1908 ΙΙ,
1385 1880 1438 1905 669
1462 1881 1511 1913 (ez
1531 1880 1611 1906 veteri
1632 1881 1718 1906 codice

109 1927 226 1953 biblioth.
252 1927 384 1953 Thuamoe
406 1939 433 1948 z
461 1927 517 1960 B),·
537 1926 747 1952 labbe-Cessare
765 1927 849 1957 Vlll,
871 1926 955 1955 1920:
978 1926 1075 1952 Μαηεί
1096 1925 1156 1955 XV,
1177 1925 1243 1955 589,·
1264 1924 1361 1958 Miyne
1382 1924 1443 1954 126,
1464 1924 1525 1950 154.

200 1980 312 2006 Schrbrs
333 1981 396 2013 Rey.
410 1981 473 2006 140.

59 2069 87 2090 ⁸0
278 2069 486 2094 HINCMARUS
505 2070 645 2094 NOMINE
663 2070 736 2094 NON
756 2069 892 2093 MERITO
911 2069 1090 2093 REMORUM
1110 2068 1301 2093 EPISCOPUS
1319 2067 1362 2091 AC
1381 2067 1506 2092 PLEBIS
1525 2067 1587 2091 DEI

662 2114 827 2138 FAMULUS
848 2114 958 2138 SACRO
977 2112 1180 2137 CONVENTUI
1190 2111 1209 2136 4.

206 2167 348 2205 Quidam
371 2167 467 2198 beato
489 2167 684 2199 Ambrosio5
706 2167 869 2208 quaedam
894 2166 1076 2207 proposuit,
1100 2165 1141 2196 ad
1165 2175 1307 2206 quorum
1332 2164 1530 2196 solutionem
1555 2165 1587 2195 in
1612 2165 1753 2196 crastina

110 2219 203 2252 illum
225 2220 266 2252 ad
290 2220 459 2252 ecclesiam
482 2220 649 2257 invitavit,
674 2221 760 2251 unde
784 2230 969 2251 sermonem
990 2219 1139 2250 adoriens
1160 2218 1214 2249 ‘ad
1237 2217 1429 2251 solvendum'‚
1461 2218 1581 2258 inquit,
1611 2217 1754 2246 ‘debitum

110 2277 244 2304 creditori
260 2285 328 2303 meo
341 2273 482 2305 adveni’.
498 2273 560 2305 Sed
575 2277 608 2305 et
622 2284 679 2315 ego
694 2274 734 2304 de
750 2273 829 2304 mihi
845 2272 1011 2314 proposita
1026 2272 1093 2302 heri
1103 2271 1116 2290 ⁶
1128 2272 1330 2312 quaestione,
1345 2271 1439 2302 cuius
1454 2270 1651 2302 solutionem
1667 2280 1753 2301 nunc

58 2333 85 2355 ³⁶
109 2327 229 2364 adfero,
249 2330 329 2358 tunc
349 2327 470 2358 domno
492 2326 674 2358 Guntario⁷
694 2337 752 2368 pro
772 2326 878 2357 tribus
896 2325 1003 2356 causis
1022 2325 1214 2365 respondere
1235 2335 1301 2355 non
1321 2324 1427 2365 potui,
1446 2323 1598 2354 videlicet
1616 2324 1694 2364 quia
1712 2323 1753 2354 ad

199 2445 223 2473 ὃ)
239 2443 367 2467 Zwischen
384 2444 440 2474 pati
457 2443 510 2467 und
526 2444 624 2467 entiam
640 2442 841 2466 Zwischenraum.
858 2449 904 2465 von
921 2444 982 2466 elwa
999 2442 1014 2465 2
1034 2440 1133 2465 Buchst.
1155 2440 1184 2464 Β.
1270 2439 1294 2469 b)
1312 2440 1402 2470 sz'z‘ter
1418 2439 1481 2463 verb.
1499 2447 1528 2462 :u
1546 2439 1654 2462 damnat
1674 2439 1704 2462 Β.

206 2532 230 2563 l)
250 2531 294 2561 II,
313 2532 338 2560 5,
359 2531 455 2564 Miqne
476 2532 518 2561 77,
535 2531 577 2556 34.
690 2531 717 2561 2)
734 2530 880 2562 Auqustin.
897 2532 988 2554 contra
1004 2529 1108 2554 Iulian.
1125 2528 1142 2554 l.
1153 2528 1174 2553 1*
1189 2536 1210 2554 c.
1224 2528 1249 2557 4,
1266 2528 1361 2560 Miqne
1373 2528 1416 2556 44,
1430 2527 1504 2558 791f.
1607 2527 1635 2558 3)
1652 2525 1753 2551 Homil.

114 2575 143 2600 in
159 2583 248 2608 evanq.
267 2575 357 2605 XIII,
373 2576 399 2605 5,
418 2575 514 2608 Miqne
536 2576 578 2605 76,
591 2575 669 2600 1126.
764 2576 791 2604 4)
806 2574 844 2599 Es
859 2574 891 2598 ist
904 2573 971 2598 wohl
991 2573 1039 2598 mit
1059 2572 1206 2598 Sicherheit
1225 2572 1419 2599 avzzunelwueu.
1440 2571 1495 2603 dass
1514 2571 1557 2596 die
1577 2570 1685 2603 Synode
1705 2578 1755 2594 von

116 2618 207 2652 Tusey
223 2620 281 2652 (22.
293 2619 465 2645 Oktober—7.
480 2619 626 2645 November
639 2619 701 2649 860,
719 2618 766 2650 rql.
786 2618 877 2643 Neues
894 2617 995 2643 Archia
1013 2617 1056 2647 26,
1075 2617 1178 2650 627ff.)
1199 2616 1397 2649 Empscinqerin
1414 2615 1500 2640 dieses
1517 2615 1673 2640 Sclzreibevzs
1691 2622 1753 2639 war.

60 2665 87 2685 4⁰
113 2662 141 2688 S.
160 2672 192 2689 zu
210 2663 370 2689 demselben:
395 2663 517 2693 Sdralek.
537 2663 689 2689 Hinkmars
716 2672 764 2688 ron.
788 2662 898 2687 Rheims
920 2661 1132 2686 kanonistisches
1151 2661 1298 2686 Gztlachten
1318 2659 1461 2693 8188&
1482 2659 1593 2684 Sclzro'rs
1613 2658 1642 2683 S.
1655 2657 1754 2690 206ff:

114 2707 253 2733 Dummler
264 2707 324 2738 112,
337 2708 370 2733 16
377 2708 405 2741 ff
499 2710 526 2739 5)
537 2708 592 2740 Vql.
606 2707 729 2733 Ambros.
747 2707 791 2732 lib.
810 2706 841 2731 (Ie
860 2705 1057 2731 incarnationis
1073 2705 1225 2730 dominicae
1241 2707 1406 2730 sacramento
1419 2712 1439 2729 c.
1453 2704 1479 2733 1,
1498 2703 1531 2728 M
1533 2703 1593 2735 iqne
1604 2702 1680 2731 XVI,
1692 2701 1752 2727 353.

113 2752 140 2783 6)
156 2752 213 2777 Fu'r
237 2752 280 2777 die
297 2752 413 2777 zeitlicke
440 2752 626 2784 Bestimmuny
650 2752 698 2784 zyl.
719 2751 830 2776 Sclzrors
848 2750 876 2775 S.
891 2750 943 2775 209
962 2749 1019 2775 und
1038 2750 1071 2774 A.
1085 2749 1129 2778 16,
1148 2749 1216 2774 auch
1237 2748 1349 2774 Sdralek
1367 2757 1392 2773 a.
1405 2756 1430 2772 α.
1443 2747 1472 2773 Ο.
1500 2746 1608 2776 S.199,·
1637 2746 1753 2774 Parisot,

112 2795 147 2820 Le
166 2804 295 2829 royaume
313 2796 344 2821 de
363 2796 493 2822 Lorraine
512 2804 575 2822 sous
594 2796 630 2821 les
650 2795 838 2827 Carolirnfqiens
851 2794 879 2819 S.
893 2794 953 2819 170.
1067 2794 1094 2825 7)
1107 2793 1155 2818 Eb.
1170 2801 1219 2818 7:072
1233 2793 1307 2818 Ko'ln
1322 2791 1506 2825 (850-863).

200 2845 367 2870 EPISTOLAE
380 2844 463 2870 VIII.
1510 2840 1540 2864 ll
