2220 3192
453 199 512 228 102
1020 191 1206 219 HINKMAR
1225 190 1303 217 VON
1323 188 1443 215 REIMS
1465 188 1524 214 136.

351 292 424 323 860.
447 290 571 321 tentiae
587 288 823 320 medicamento
838 294 895 325 per
909 280 1205 313 reconciliationem
1219 277 1470 310 ecclesiasticam
1487 286 1553 307 non
1572 275 1728 307 iteratum
1747 281 1825 306 neca
1841 274 1986 305 redditur
1993 281 2017 312 ὃ,
2036 275 2090 306 sed

449 343 559 373 divina
574 341 676 380 gratia
693 340 871 379 reparatur.
892 333 1117 375 ‘Reparatur'b
1130 333 1244 363 autem
1262 331 1302 361 de
1322 341 1388 360 non
1405 329 1524 360 amisso
1539 339 1576 359 eo
1593 328 1688 360 modo
1703 327 1834 364 dicitur,
1851 327 1935 358 sicut
1952 338 2043 358 mens
2058 330 2091 358 et

449 406 566 435 corpus
581 390 790 424 eucharistiae
807 387 1012 430 perceptione
1031 384 1174 426 reparari
1193 387 1226 415 et
1246 382 1469 414 satisfactione
1488 392 1630 422 congrua
1650 380 1799 411 renovari
1821 379 1941 412 mentis
1961 383 2092 411 nostrae

453 447 586 488 spiritus
605 445 731 484 legitur.
749 441 794 472 Et
813 441 908 477 sicut,
927 449 1011 480 quae
1030 441 1108 469 ante
1125 437 1333 478 baptismum
1350 434 1403 466 vel
1422 438 1497 476 post
1514 434 1722 475 baptismum
1739 433 1887 464 humana
1907 432 2091 474 ignorantia

448 500 499 530 vol
522 497 713 528 infirmitate
737 497 925 535 peccantur,
947 490 1160 532 baptismatis
1183 499 1318 521 munere
1340 491 1400 525 est,
1424 490 1462 518 ut
1484 487 1591 528 dignis
1613 486 1836 528 paenitentiae
1860 485 2021 517 fructibus
2043 497 2090 517 re-

241 565 434 588 vgr.1.(·0r.7,r..
452 552 639 585 mittantur,
662 548 708 579 ita
730 546 925 587 nuptiarum
944 544 1030 575 bono
1051 543 1249 579 defenditur,
1272 553 1311 572 ne
1332 541 1470 572 crimina
1490 540 1685 577 habeantur,
1707 550 1791 580 quae
1811 538 1853 570 ab
1874 539 2024 580 apostolo
2046 550 2092 571 se—

449 604 595 635 cundum
619 599 859 640 indulgentiam
882 598 1118 632 conceduntur,
1144 595 1199 626 illa
1216 594 1378 631 videlicet,
1402 604 1487 634 quae
1510 592 1776 634 concupiscentia
1801 591 1991 633 impellente
2012 603 2092 625 non-

451 657 526 687 nisio
543 653 735 694 coniugibus
750 651 1006 687 conceduntuid,
1022 652 1159 680 tantum
1176 652 1213 679 ut
1229 659 1307 679 cum
1323 646 1469 688 legaliter
1486 646 1619 688 nuptise
1630 645 1825 677 naturaliter
1840 645 2092 677 concumbatur.

316 719 365 743 vg!-
378 719 433 738 Gon.
448 707 648 741 Naturaliter
665 709 779 737 autem
796 704 947 740 dicimus,
972 703 1049 744 quia
1068 705 1115 733 ets
1135 701 1205 733 Ona
1231 701 1349 741 legitur
1368 700 1486 731 etiamg
1503 710 1582 731 cum
1600 710 1702 730 uxore
1720 698 1915 730 naturaliter
1934 709 2000 729 non
2018 709 2093 729 con-

322 745 605 793 as,9.10.fflmbens
624 759 790 790 interisseh
810 767 982 799 percussus
1001 767 1019 787 a
1039 755 1204 786 Domina.

537 813 631 844 Unde
647 812 764 842 beatus
780 810 987 851 Augustinus
1004 809 1038 840 in
1057 808 1137 839 libro
1155 808 1194 838 de
1210 807 1296 838 bono
1314 805 1458 846 coniugii
1475 809 1507 837 et
1525 805 1564 837 de
1582 805 1710 846 nuptiis
1727 808 1759 836 et
1777 804 2043 845 concupiscentia
2061 808 2093 836 et

450 868 483 898 in
500 866 572 898 aliis
588 865 655 896 suis
672 864 761 895 libris
778 862 1054 894 sufficientissime
1069 861 1231 902 disputat.
1250 859 1312 891 Sed
1328 863 1362 890 et
1378 859 1500 890 ibidem
1517 858 1602 889 inter
1617 858 1681 889 alia
1697 857 1811 889 dicitlz
1835 860 1917 892 Quod
1933 869 1999 894 ergo
2015 869 2095 895 prae-

294 938 314 955 1,
325 935 373 955 Cor.
385 935 404 958 7,
416 934 437 953 3,
451 924 560 957 cipiunt
578 921 699 955 apostoli
719 920 917 954 coniugibus,
936 919 989 944 hoc
1006 921 1050 944 est
1065 918 1245 951 nuptiarum:
1266 912 1387 944 scilieet
1405 915 1459 943 utk
1475 911 1584 942 ‘uxori
1596 912 1647 943 Vir
1664 911 1815 942 debitum
1831 910 1945 941 reddat
1961 914 1994 942 et
2013 922 2095 942 uxor

272 991 292 1009 1.
302 989 361 1009 Tim.
371 987 391 1011 5,
403 988 438 1007 14.
450 973 529 1004 viro'
545 975 578 1003 et
591 971 688 1002 ‘filios
702 980 879 1012 procreare,
892 972 1012 1000 matres
1023 967 1165 999 familias
1175 966 1264 997 esse'.
1286 968 1367 1001 Quod
1377 972 1476 995 autem
1484 967 1649 995 venialiterl
1660 967 1820 995 concedunt
1829 970 1880 993 aut
1891 967 1967 1001 quod
1976 967 2097 1002 impedit

451 1026 492 1056 ad
511 1028 683 1057 orandum,
698 1035 754 1052 non
769 1028 874 1060 cogunt
891 1025 1018 1058 nuptiae,
1033 1024 1083 1050 sed
1097 1023 1202 1050 ferunt.
1218 1019 1289 1050 Etln
1308 1019 1392 1050 sicut
1409 1029 1507 1060 opera
1523 1018 1610 1050 bona
1627 1018 1669 1050 ad
1686 1017 1829 1049 salutem
1845 1020 2014 1049 aeternam
2032 1029 2097 1049 non

452 1081 590 1121 prosunt
609 1077 676 1108 sine
692 1075 904 1117 baptismatis
921 1077 1125 1106 sacramento
1144 1076 1176 1104 et
1195 1084 1261 1113 non
1279 1076 1327 1103 est
1343 1071 1551 1113 baptismum
1566 1081 1695 1109 verum,
1719 1070 1816 1112 quia¹¹
1833 1081 1899 1101 non
1917 1074 1966 1101 est
1984 1082 2096 1102 secun-

452 1133 533 1164 dum
551 1130 748 1172 scripturam
767 1140 883 1165 unum,
901 1128 933 1159 id
951 1131 1000 1159 est
1018 1127 1052 1158 in
1071 1127 1218 1157 unitate⁰
1233 1125 1411 1157 catholicae
1428 1124 1503 1156 fidei
1522 1125 1669 1162 unicum,
1695 1124 1721 1155 si
1737 1123 1896 1155 catholice
1914 1134 1981 1154 non
1999 1123 2097 1155 fuerit

450 1184 666 1216 celebratum:
681 1183 723 1213 sic
737 1193 772 1213 ac
781 1189 794 1206 D
807 1181 993 1222 legitimum
1006 1184 1039 1211 et
1049 1191 1167 1211 verum
1180 1190 1245 1210 non
1259 1182 1368 1220 potest
1380 1189 1447 1209 esse
1459 1178 1661 1219 coniugium,
1675 1177 1710 1209 in
1722 1187 1787 1218 quo
1799 1177 1935 1208 docetur
1947 1176 2097 1218 nuptiale

454 1249 519 1270 non
540 1248 606 1268 esse
628 1236 823 1276 mysterium
841 1234 895 1265 vel
913 1234 1002 1275 quod
1024 1244 1089 1264 non
1109 1233 1244 1264 docetur
1265 1231 1459 1273 nuptialiter
1477 1231 1684 1272 copulatum.
1710 1230 1806 1262 Unde
1827 1234 1860 1261 et
1878 1229 2043 1261 Dominus
2064 1234 2099 1260 de

454 1294 560 1328 nuptiis
580 1290 762 1320 Iohannem
786 1292 929 1318 volentem
952 1290 1067 1321 nubere,
1096 1290 1134 1317 ut
1162 1286 1301 1317 tradunt
1330 1285 1482 1316 historiae
1490 1284 1512 1322 2,
1543 1295 1609 1315 non
1639 1287 1714 1325 post
1742 1283 1922 1315 celebratas
1951 1283 2099 1324 nuptias,

295 1355 344 1386 vgr
356 1354 439 1386 nagan.
454 1344 507 1375 sed
526 1344 565 1374 de
586 1342 712 1384 nuptiis
731 1345 764 1373 et
782 1345 860 1372 ante
878 1341 985 1372 carnis
1003 1339 1250 1381 copulationem
1270 1342 1412 1369 vocando
1430 1338 1581 1375 retraxit,
1601 1337 1660 1378 qui
1679 1337 1783 1378 legem
1803 1348 1870 1368 non
1890 1336 2024 1374 solvere,
2045 1337 2099 1368 sed

335 1382 398 1405 ⁰'1‘'
453 1396 630 1438 adimplere
649 1395 752 1426 venit.
773 1395 820 1425 De
840 1394 934 1425 cuius
955 1393 1076 1424 scilicet
1096 1392 1253 1423 Iohannis
1274 1392 1387 1422 futura
1408 1402 1520 1428 uxore,
1542 1390 1605 1421 nisi
1624 1401 1702 1422 eum
1720 1390 1885 1422 Dominus
1905 1400 1972 1421 non
1993 1389 2099 1422 solum

453 1454 530 1481 ante
545 1449 652 1480 carnis
668 1448 834 1483 unionem⁷
850 1458 967 1478 verum
982 1450 1015 1478 et
1030 1450 1108 1477 ante
1124 1445 1321 1487 nuptiarum
1336 1443 1647 1486 percelebrationem
1661 1447 1823 1480 vocarem,
1841 1443 1943 1474 sicutr
1958 1443 1997 1474 de
2011 1442 2100 1474 beati

454 1503 543 1535 Petri
563 1513 674 1538 uxore,
694 1512 778 1542 quae
798 1499 1082 1531 continentissime
1102 1498 1332 1540 perseveravit,
1354 1509 1420 1528 non
1440 1497 1569 1538 legitur,
1591 1500 1707 1528 utrum
1727 1497 1761 1528 in
1780 1496 1987 1528 continentia
2008 1507 2100 1528 man-

311 1568 360 1591 ng
372 1568 440 1600 nexit.
456 1557 532 1587 serit
556 1566 598 1586 an
618 1554 799 1586 secundum
817 1553 921 1594 legem
937 1557 1094 1590 veterem,
1114 1556 1152 1582 ut
1171 1563 1281 1583 semen
1301 1551 1334 1582 in
1353 1550 1455 1582 Israel
1472 1549 1680 1591 relinqueret,
1699 1549 1755 1581 alii
1774 1549 1912 1580 nubere*3
1930 1549 2029 1580 fortes
2047 1549 2100 1581 de-

331 1595 342 1613 2
420 1609 424 1613 ”
455 1609 591 1649 legeritt.
611 1608 651 1638 In
669 1608 764 1638 cuius
781 1607 860 1638 hocu
877 1606 1030 1638 arbitriou
1051 1617 1116 1637 non
1138 1608 1295 1642 maneret,
1316 1605 1342 1635 si
1361 1607 1436 1645 post
1455 1603 1573 1645 legales
1592 1603 1728 1644 nuptias
1748 1603 1887 1634 fuissent
1906 1602 2101 1644 nuptialiter

456 1661 629 1703 copulati¹‚
650 1668 726 1691 necV
745 1660 907 1691 Iohanniw
933 1662 1038 1690 essetW
1064 1659 1216 1690 licitumW
1242 1657 1423 1689 secundum
1449 1656 1610 1698 evangelii
1633 1657 1884 1693 documentum,
1911 1655 1938 1686 si
1962 1656 2100 1697 despon-

457 1718 575 1751 satam,
592 1714 742 1745 dotatam
758 1717 790 1744 et
808 1712 947 1754 publicis
964 1713 1091 1754 nuptiis
1106 1712 1303 1743 honoratam
1318 1711 1478 1747 duxisset,
1496 1711 1599 1741 etiam
1613 1713 1691 1741 ante
1709 1709 1867 1740 unionem
1882 1709 1990 1740 carnis
2006 1708 2100 1740 relin-

456 1779 566 1809 quere,
589 1767 615 1798 si
636 1778 701 1798 non
722 1766 890 1807 delegisset
911 1777 952 1797 ex
973 1776 1132 1797 consensu
1155 1765 1190 1796 in
1210 1764 1415 1796 continentia
1437 1774 1639 1805 permanere,
1661 1763 1716 1794 sed
1736 1762 1838 1794 aliam
1858 1762 1986 1794 ducere.
2009 1761 2102 1793 Sicut

458 1832 522 1852 non
547 1820 673 1851 liceretx
699 1819 863 1861 Stephano
887 1819 997 1856 istam,
1022 1829 1125 1860 quam
1147 1818 1369 1859 desponsavit,
1393 1817 1522 1848 dotavit
1545 1820 1578 1848 et
1603 1815 1743 1858 publicis
1767 1815 1894 1857 nuptiis
1916 1815 2101 1853 honoravit,

457 1874 532 1905 licet
551 1874 579 1904 ei
601 1884 664 1904 non
685 1873 726 1904 sit
747 1873 882 1909 mixtus,
908 1871 1088 1913 relinquere
1107 1875 1139 1903 et
1157 1871 1257 1902 aliam
1276 1882 1353 1902 cum
1372 1870 1575 1912 paenitentia
1592 1869 1645 1901 vel
1665 1870 1732 1900 sine
1752 1868 1955 1910 paenitentia
1974 1869 2100 1906 ducere,

459 1927 521 1957 nisi
539 1927 571 1957 iu
591 1926 685 1957 istius
701 1925 879 1956 concubitu
897 1925 1051 1956 incestale
1070 1920 1196 1957 malum
1214 1924 1375 1965 potuisset
1394 1923 1601 1960 intervenire,
1620 1923 1693 1954 sedy
1710 1926 1769 1953 aut
1787 1933 1828 1953 ex
1844 1932 2006 1952 consensu
2022 1932 2100 1954 cum

460 1980 530 2020 ipsa
546 1980 579 2010 in
594 1979 798 2010 continentia
815 1978 1002 2020 Stephanus
1018 1982 1224 2020 permaneret
1239 1980 1310 2014 aut,
1328 1977 1354 2008 si
1371 1988 1402 2008 se
1417 1977 1585 2007 continere
1602 1986 1667 2007 non
1684 1978 1804 2017 posset,
1820 1986 1899 2006 cum
1915 1986 1951 2006 ea
1968 1975 2101 2016 nuptia-

459 2032 532 2063 liter
550 2031 724 2073 copulatus
744 2036 900 2063 maneret.
921 2031 955 2062 Si
973 2035 1087 2063 autem
1107 2031 1176 2062 sine
1195 2031 1332 2067 incestu,
1352 2041 1431 2061 cum
1448 2030 1508 2060 hoc
1527 2029 1636 2060 debito
1657 2029 1768 2060 ordine
1786 2028 1962 2060 commixti
1981 2028 2100 2065 forent,

461 2085 523 2116 nisi
545 2096 585 2115 ex
610 2089 726 2116 mutuo
749 2095 907 2116 consensu
932 2088 1064 2126 propter
1087 2084 1329 2116 continentiam
1352 2083 1494 2124 separari
1518 2093 1583 2113 non
1607 2086 1741 2123 possent
1762 2085 1823 2113 aut
1846 2084 1980 2123 propter
2003 2081 2101 2112 forni-

459 2138 623 2169 cationem
642 2138 783 2178 separati
801 2137 853 2168 vel
871 2138 1006 2178 innupti
1024 2147 1213 2179 permanere
1230 2137 1284 2168 vel
1302 2136 1433 2168 sibimet
1451 2135 1651 2167 reconciliari
1668 2135 1833 2166 deberent.
1851 2134 1896 2165 Et
1915 2134 1941 2165 si
1958 2144 2035 2165 cum
2052 2135 2101 2165 in-

460 2195 551 2222 cestu
576 2190 713 2221 fuissent
735 2191 914 2228 coniuncti,
938 2195 1115 2228 separatione
1138 2201 1251 2222 eorum
1273 2201 1310 2221 ac
1335 2189 1538 2231 paenitentia
1563 2192 1734 2219 adulterium
1757 2188 1939 2219 secundum
1961 2187 2102 2219 auctori-

460 2248 567 2275 tatem
585 2243 796 2274 canonicam3
816 2248 922 2273 sanari
939 2243 1080 2275 deberet.

551 2296 591 2327 Et
599 2303 612 2319 v
626 2303 638 2316 Ζ
650 2296 728 2326 haec
744 2295 874 2327 sibimet
889 2296 934 2327 ita
946 2297 1114 2327 concinere
1127 2307 1216 2327 sacra
1228 2297 1434 2328 demonstrat
1445 2295 1625 2327 auctoritas
1636 2294 1747 2326 dicens
1758 2294 1798 2325 de
1811 2292 1913 2324 Maria
1926 2296 1959 2324 et
1971 2293 2103 2334 Ioseph:

547 2422 570 2446 a>
586 2421 708 2443 iteratum
723 2420 835 2443 creditur
850 2420 926 2443 Sirm.
1013 2419 1037 2449 b)
1053 2421 1177 2451 Reparari
1193 2421 1269 2445 Sirm.
1363 2422 1387 2450 Ε)
1402 2427 1461 2444 cum
1479 2421 1506 2451 (c
1522 2420 1601 2449 verb.)
1616 2419 1728 2450 zuqejilqt
1744 2418 1775 2443 B.
1861 2417 1886 2448 d)
1901 2418 2063 2442 exceduntur
2075 2417 2106 2442 B.

465 2464 488 2495 *3)
499 2464 597 2494 nuptiis
610 2464 640 2487 B.
709 2462 728 2493 r)
739 2464 770 2487 dc
781 2463 857 2487 Sirm.
931 2466 953 2493 g)
965 2465 1034 2495 quod
1045 2465 1120 2489 Sirm.
1193 2464 1217 2494 11)
1228 2466 1326 2489 interiit
1336 2465 1413 2489 Sirm.
1484 2462 1503 2493 ¹)
1514 2464 1546 2488 A.
1557 2464 1598 2488 R.:
1610 2464 1678 2493 Quid
1688 2463 1720 2487 de
1731 2463 1788 2487 Ona
1797 2462 1890 2494 legitur
1903 2462 1933 2486 B.
2002 2461 2027 2492 k)
2036 2461 2107 2487 Felzlt

465 2508 541 2532 Sirm.
627 2506 645 2537 ¹)
662 2508 831 2531 vcniabolitcr
845 2508 937 2537 (verb.)
957 2508 986 2531 B.
1072 2511 1104 2538 ω)
1121 2509 1169 2539 Vyl.
1183 2509 1243 2533 oben
1255 2509 1282 2533 S.
1294 2510 1341 2534 101
1357 2509 1385 2532 Z.
1397 2510 1428 2534 41
1444 2507 1500 2533 Var.
1512 2508 1534 2533 b.
1620 2510 1645 2538 1Ἰ)
1663 2507 1734 2538 quod
1749 2507 1782 2531 D.
1868 2508 1891 2536 0)
1907 2506 2012 2536 ecclesie
2024 2510 2051 2530 et
2065 2514 2106 2529 :u-

464 2552 544 2582 yefiiqt
558 2552 590 2575 D.
666 2554 690 2581 1³)
704 2554 730 2574 et
744 2551 821 2576 sirm.
895 2554 919 2581 ίΙ)
934 2556 1063 2575 revocaret
1076 2553 1152 2576 Sirm.
1228 2556 1249 2583 ¹⁵)
1264 2555 1331 2577 sicut
1344 2567 1373 2570 —
1384 2553 1499 2584 copulati
1515 2553 1606 2583 (mzten
1614 2552 1643 2576 Z.
1655 2552 1703 2582 27)
1717 2551 1776 2582 fehlt
1785 2551 1818 2575 D.
1895 2552 1916 2581 Β)
1931 2551 1998 2574 forte
2010 2550 2106 2574 nubere

466 2597 541 2620 Sirm.
611 2595 630 2625 ί)
646 2595 678 2619 Α.
691 2596 729 2619 Rs
741 2596 808 2624 Quid
819 2595 850 2618 dc
862 2604 940 2619 uxore
951 2596 1060 2626 apostoli
1072 2597 1140 2620 Petri
1151 2600 1177 2620 ct
1187 2597 1311 2621 Iohannis
1320 2597 1495 2628 evangelistae
1507 2597 1538 2621 Β.
1607 2599 1632 2626 u)
1648 2596 1755 2620 arbitrio
1766 2596 1813 2619 hoc
1824 2595 1901 2619 Sirm.
1970 2597 1995 2625 v)
2009 2602 2062 2619 non
2073 2594 2105 2618 D.

467 2644 494 2669 w)
508 2644 572 2663 msc-t
587 2640 686 2663 licitum
700 2639 810 2663 Iohanni
824 2640 856 2663 D.
948 2642 972 2669 x)
986 2640 1043 2663 licet
1058 2640 1134 2664 sirm.
1217 2644 1242 2671 Υ)
1256 2642 1300 2665 scd
1314 2656 1342 2659 —
1354 2642 1388 2665 Et
1404 2642 1492 2672 (umen
1505 2641 1535 2665 Z.
1546 2641 1594 2671 39)
1607 2640 1666 2671 fehlt
1678 2640 1711 2664 D.
1791 2641 1813 2669 z)
1826 2639 1895 2663 A.R.
1911 2641 1960 2662 rot:
1977 2638 2057 2663 VIIII
2075 2639 2106 2662 B.

552 2738 576 2767 1)
598 2736 745 2768 Angla-stin.
766 2736 797 2760 <le
818 2736 884 2760 bono
904 2736 1040 2768 coninyali
1062 2736 1142 2761 XIII
1167 2738 1242 2769 (15),
1265 2739 1346 2770 (f'orrp.
1364 2737 1476 2763 Vindob.
1499 2738 1542 2768 41,
1563 2737 1624 2763 208.
1730 2737 1758 2768 2)
1781 2735 1860 2766 Beda,
1878 2735 1979 2769 Expos.
1996 2735 2026 2760 in
2042 2735 2105 2760 ιῘοῘι.

466 2789 556 2812 evang.
576 2780 730 2813 (I'orrede),
750 2780 842 2811 Miyne
858 2779 902 2810 92,
914 2780 974 2805 (133.
1067 2780 1094 2811 3)
1119 2780 1172 2812 Fyl.
1189 2783 1252 2807 oben
1268 2781 1296 2806 S.
1310 2781 1344 2807 95
1353 2783 1371 2812 Ι.
1391 2781 1445 2807 und
1461 2782 1497 2807 A.
1512 2783 1538 2808 4.

2122 760 2149 780 10

2124 1026 2151 1046 15

2126 1293 2153 1313 20

2128 1559 2155 1579 25

2128 1825 2157 1846 30

2129 2090 2157 2111 35

2131 2423 2158 2443 40

2132 2642 2159 2663 45
