2220 3192
49 809 76 828 10

48 1074 74 1094 1⁵

47 1339 73 1359 20

46 1609 73 1629 25

2 1861 72 1895 'eo

45 2139 73 2160 ³5

45 2468 73 2486 40

46 2740 72 2759 45

667 233 855 260 HINKMAR
874 233 953 260 VON
973 234 1093 261 REIMS
1115 236 1174 261 179.
1687 235 1745 264 169

100 322 229 349 sariensis
244 322 383 348 Eusebius
399 330 553 356 omnesque
571 323 685 351 Greciae
702 327 871 352 tractatores
887 327 991 357 xowa'2,
1008 326 1037 352 id
1053 329 1097 352 est
1114 336 1303 359 communem,
1320 328 1467 362 appellant
1483 330 1571 362 atque
1588 328 1745 363 vulgatam,

100 378 130 401 et
148 385 166 402 a
185 375 326 409 plerisque
345 383 422 402 nune
438 375 635 407 onmdvewgb
655 377 769 409 dicitur,
790 379 876 405 aliam
895 381 1078 414 septuaginta
1104 381 1303 415 interpretum,
1332 385 1419 415 quaec
1446 382 1476 407 in
1498 381 1643 413 §.eminis-<³
1670 382 1745 408 codi-

99 428 179 455 cibus
194 429 354 462 repperitur
368 430 399 454 et
414 438 432 455 a
447 428 530 454 nobis
545 429 575 454 in
591 429 727 456 Latinum
743 439 900 457 sermonem
917 431 1037 458 fideliter
1054 441 1134 460 versa
1150 436 1194 459 est
1209 436 1240 460 et
1256 434 1462 461 Hierosolimae
1479 436 1566 468 atque
1583 435 1613 460 in
1628 436 1746 461 orientis

99 481 222 508 ecclesiis
238 482 417 508 decantatur.
434 478 478 508 Et
494 478 576 509 item
592 478 680 510 idem
696 479 754 510 dee
770 481 903 512 eadem0
917 482 1078 513 editionee
1088 483 1114 513 1:
1132 486 1235 521 Κοινὴτ
1252 490 1349 514 autem
1366 488 1433 520 ista,
1445 487 1499 514 hoc
1515 489 1560 513 est
1577 489 1745 519 communis,

99 535 187 561 editio
204 535 266 569 ipsa
283 537 337 566 est,
355 542 428 568 quae
445 537 475 561 et
494 534 691 569 Septuaginta.
713 535 768 562 Sed
786 537 838 563 hoc
855 538 974 564 interest
990 539 1065 564 inter
1082 542 1243 573 utramque,
1262 540 1339 574 quod
1355 540 1454 574 κοινὴὲ
1471 549 1522 574 pro
1540 540 1609 567 locis
1626 544 1655 567 et
1672 544 1743 567 tem-

99 588 215 622 poribus
231 590 261 614 et
277 597 327 622 pro
345 587 495 614 voluntate
511 588 683 622 scriptorum
699 592 783 615 vetus
800 593 933 624 corrupta
948 592 1038 617 edicio
1055 594 1107 622 est,
1123 600 1158 618 ea
1174 595 1282 624 autem,
1307 602 1379 627 quae
1403 593 1526 620 habetur
1548 594 1579 619 in
1600 594 1744 626 ἑξαπλοῖςῦ

99 644 128 668 et
145 650 231 675 quam
246 650 298 668 nos
314 642 462 672 vertimus,
478 641 541 674 ipsa
556 644 609 672 est,
627 650 699 675 quae
715 643 744 667 in
760 643 937 669 eruditorum
951 644 1031 670 libris
1045 645 1210 678 incorrupta
1225 649 1255 671 et
1269 646 1444 673 inmaculata
1460 647 1644 680 septuaginta
1658 647 1743 673 inter-

98 697 212 729 pretum
230 694 380 721 translatio
398 697 567 721 reservatur.
594 694 734 729 Quicquid
752 703 818 729 ergo
837 696 874 722 ab
893 696 945 722 hac
964 697 1116 731 discrepat,
1136 697 1206 723 nulli
1224 699 1344 725 dubium
1362 701 1415 729 est,
1436 700 1505 733 quin
1523 701 1565 726 ita
1583 702 1613 725 et
1631 699 1668 726 ab
1688 700 1743 726 He-

99 748 230 774 breorum
242 748 415 775 auctoritate
427 748 571 774 discordet
580 746 597 772 ¹.
614 744 709 775 Hanc
722 748 836 776 autem
849 756 1059 777 communem
1073 747 1261 785 editionem,
1272 759 1354 789 quae
1367 748 1461 780 dicit:
1475 749 1618 780 ‘Fulicae
1628 750 1744 781 domus

99 798 168 829 dux
197 802 247 828 est
276 798 413 834 eorum',
446 808 512 839 qua
539 801 620 828 tunc
647 798 805 839 temporis
836 809 949 829 omnes
980 810 1062 840 pene
1095 799 1272 831 utebantur
1298 801 1419 838 Latini,
1446 803 1600 843 exposuit
1628 802 1744 834 beatus

95 851 322 891 Augustinus2
340 854 374 882 et
394 855 469 892 post
487 861 565 882 eum
580 850 749 892 Prosperss,
764 851 879 882 deinde
896 852 1103 883 Cassiodorus
1113 852 1135 883 4.
1154 853 1202 884 De
1221 864 1286 894 qua
1305 853 1435 885 volucre
1455 855 1508 886 ink
1523 856 1744 896 expositione&

97 901 180 935 suak
195 904 276 936 dicii]
292 904 409 935 beatus
425 903 653 945 Augustinus⁵
671 915 677 935 ;
696 908 804 939 Fulica,
822 909 896 935 sicut
912 917 1011 935 omnes
1028 910 1170 939 novimus,
1189 911 1298 936 marina
1315 911 1376 936 avis
1393 913 1450 941 est;
1468 911 1513 937 vel
1529 913 1559 937 in
1576 913 1684 946 stagnis
1700 915 1745 939 est

98 961 143 987 vel
158 961 187 986 in
205 962 276 988 mari
292 964 343 987 est.
362 960 460 988 Habet
476 961 622 995 quandam
637 961 757 987 domum
773 970 831 987 non
845 961 928 988 facile
944 963 973 987 in
989 962 1071 988 litore
1088 965 1179 988 terrae
1195 966 1247 989 aut
1262 971 1429 997 numquam,
1446 964 1495 989 sed
1511 965 1540 990 in
1556 965 1609 995 his,
1627 974 1698 999 quae
1714 967 1743 991 in

98 1014 191 1041 media
212 1023 288 1048 aqua
308 1017 385 1045 sunt,
408 1015 574 1049 plerumque
595 1022 660 1048 ergo
682 1015 712 1040 in
733 1016 831 1048 Petne,
855 1023 924 1048 quas
947 1024 1022 1048 aqua
1044 1016 1211 1041 circumdat.
1246 1012 1386 1044 Sanctus
1408 1024 1537 1054 quoque
1561 1014 1718 1056 Prosper⁶
1736 1026 1741 1046 ζ

98 1068 217 1100 Domus,
233 1065 353 1105 inquit,
370 1068 483 1099 fulicae,
500 1077 572 1102 quae
590 1069 699 1094 marina
714 1070 758 1093 est
773 1069 844 1098 avis,
862 1077 918 1094 non
934 1071 978 1094 est
993 1069 1023 1094 in
1039 1071 1130 1095 terrae
1145 1069 1332 1095 foraminibus
1348 1078 1439 1103 neque
1454 1070 1483 1095 in
1499 1071 1585 1096 ramis
1601 1071 1743 1102 arborum,

97 1121 145 1148 sed
162 1121 192 1147 in
210 1124 301 1156 petra,
328 1130 400 1156 quae
418 1121 514 1155 aquisl
531 1122 569 1147 sit
587 1121 772 1148 circumdata.
790 1121 874 1148 Petra
892 1130 958 1147 vero
976 1122 1150 1155 intellegitur
1163 1121 1299 1148 Christus.
1318 1119 1363 1150 Et
1378 1119 1585 1151 Cassiodorus
1602 1131 1643 1151 ex
1656 1120 1743 1152 beati

95 1171 275 1211 Augustini
296 1174 330 1202 et
352 1171 502 1213 Prosperi
524 1171 560 1202 in
582 1171 786 1213 expositione
809 1171 958 1202 sensibus
971 1171 998 1202 ⁷:
1030 1175 1128 1202 Fuh'ea
1151 1178 1301 1202 mansueta
1323 1177 1384 1202 avis
1406 1178 1436 1202 et
1457 1177 1537 1209 nigra
1558 1179 1611 1207 est,
1634 1179 1744 1204 anatem

97 1228 212 1262 quidem
230 1229 354 1263 parvior,
372 1228 421 1254 sed
440 1229 564 1262 corporis
589 1229 729 1262 positione
748 1228 910 1259 consimih's,
930 1236 1002 1262 quae
1021 1229 1050 1253 in
1068 1229 1177 1262 stagnis
1194 1228 1400 1255 delectabiliter
1419 1232 1636 1256 commoraturu.
1667 1230 1744 1256 Haec

96 1282 133 1308 ad
150 1281 339 1316 baptizandos
356 1282 426 1308 bene
443 1281 572 1312 refertur,
591 1282 638 1315 qui
655 1283 685 1307 in
701 1282 885 1308 sacratissimi
902 1282 990 1307 fontis
1005 1282 1099 1315 gratia
1115 1285 1306 1315 perseverant.
1334 1282 1445 1308 Horum
1461 1283 1558 1316 itaque
1576 1284 1743 1314 mansiones,

96 1335 125 1361 id
140 1338 184 1361 est
200 1335 382 1370 baptismatis
397 1335 667 1369 perseveratio,dux
681 1338 726 1360 est
740 1343 896 1368 passerum,
913 1336 960 1368 qui
976 1336 1005 1360 in
1021 1335 1128 1361 caedris
1143 1335 1304 1365 nidificant;
1320 1336 1427 1363 seilicet
1443 1336 1510 1369 quia
1524 1336 1652 1362 omnium
1668 1336 1744 1362 Chri-

96 1389 256 1415 stianorum
271 1397 351 1415 sacer
366 1389 430 1415 sons
446 1389 506 1415 dux
522 1391 575 1419 est,
592 1388 662 1414 dum
678 1397 726 1414 eos
742 1388 779 1415 ad
797 1388 941 1415 caelorum
956 1397 1043 1422 regna
1060 1389 1219 1422 perducit0.
1250 1385 1290 1416 In
1306 1384 1395 1416 libris
1411 1385 1551 1426 denique
1569 1385 1742 1423 fisieorum‚

96 1439 154 1480 qui
172 1439 211 1470 de
232 1438 360 1470 naturis
378 1438 563 1475 volucrum,
583 1437 780 1470 animalium
799 1442 833 1469 et
852 1438 1057 1479 serpentium
1076 1442 1110 1469 et
1128 1437 1282 1469 arborum
1300 1442 1399 1479 atque
1420 1438 1592 1470 herbarum
1611 1439 1743 1480 scripse-

97 1496 187 1529 runt,
208 1492 248 1524 de
268 1492 382 1524 eadem
402 1502 461 1523 ave
482 1492 530 1523 ita
550 1490 661 1533 relegi:
694 1495 801 1525 Fulica,
822 1491 1011 1532 inquiuntss,
1033 1496 1111 1521 dicta
1130 1498 1183 1525 est,
1205 1495 1281 1528 quod
1302 1504 1366 1522 caro
1386 1496 1446 1522 eius
1465 1496 1621 1529 leporinam
1641 1496 1742 1529 sapiat.

97 1548 187 1583 Lagos
204 1550 281 1575 enim
297 1549 378 1583 lepus
395 1549 509 1580 dicitur,
528 1549 604 1575 unde
621 1551 651 1575 et
669 1549 745 1583 apud
763 1548 867 1575 Grecos
884 1548 963 1581 lagos
982 1551 1109 1575 vocatur.
1141 1549 1193 1574 Est
1210 1551 1327 1575 autemD
1345 1549 1407 1575 avis
1424 1549 1601 1582 stagnensisq
1618 1548 1745 1575 habens‘

95 1603 195 1629 nidum
215 1604 245 1629 in
268 1603 361 1629 medio
382 1611 474 1636 aquae
495 1602 540 1628 vel
561 1603 591 1628 in
612 1603 710 1636 petris,
733 1611 804 1636 quas
825 1610 916 1635 aquae
938 1602 1127 1631 circumdant,
1151 1603 1351 1635 maritimoque
1372 1611 1483 1636 semper
1502 1602 1661 1628 delectatur
1682 1611 1743 1635 pro-

95 1656 193 1683 fundo.
229 1656 307 1687 Quae
325 1657 395 1682 dum
413 1658 617 1690 tempestatem
635 1656 814 1690 persenserit,
833 1656 963 1689 fugiens⁸
981 1657 1010 1681 in
1029 1655 1104 1681 vado
1122 1655 1219 1681 luditt.
1251 1651 1312 1683 Sed
1331 1656 1365 1682 et
1383 1652 1417 1682 in
1436 1652 1557 1682 eisdem
1576 1651 1665 1683 libris
1682 1651 1744 1692 legi

95 1716 179 1747 quae
200 1705 395 1748 subiungere
417 1706 609 1747 procurabo,
633 1706 717 1737 unde
740 1710 833 1748 puto,
856 1705 942 1736 sicut
962 1710 995 1736 et
1016 1715 1074 1736 vos
1096 1705 1245 1747 poteritis
1265 1705 1420 1742 conicere,
1442 1705 1519 1746 quia
1539 1704 1745 1736 communisu

95 1759 222 1791 editiou
240 1759 375 1791 fulicam
395 1770 453 1801 pro
472 1759 602 1790 herodio
621 1758 804 1791 transtulit.
826 1758 981 1790 scribunt
999 1758 1089 1789 enim
1108 1759 1195 1790 idem
1215 1758 1294 1790 fisici
1313 1758 1479 1789 dicentes⁹
1503 1762 1660 1788 diomedias
1678 1769 1745 1787 aves

96 1826 113 1843 a
129 1817 211 1843 sociis
228 1816 376 1843 Diomedis
392 1816 552 1850 appellatas
559 1820 582 1847 V,
600 1825 671 1850 quos
687 1816 784 1842 ferunt
800 1815 914 1843 fabulae
931 1817 961 1841 in
977 1816 1091 1842 easdem
1109 1815 1236 1842 volucres
1253 1816 1338 1842 fuisse
1355 1823 1517 1845 convers0s3
1535 1815 1627 1841 forma
1643 1815 1744 1841 fulicae

95 1869 209 1899 similes,
226 1870 423 1904 magnitudine
438 1869 616 1904 cignorumw,
628 1870 719 1896 colore
735 1870 867 1900 candido,
877 1870 955 1895 duris
970 1872 1001 1894 et
1015 1869 1170 1902 grandibus
1186 1870 1292 1895 rostris.
1321 1868 1395 1894 Sunt
1409 1871 1507 1895 autem
1523 1868 1596 1894 circa
1612 1867 1745 1901 Apuliam

95 1923 125 1949 in
142 1923 235 1950 insula
254 1923 406 1950 Diomedia
424 1923 499 1949 inter
517 1922 647 1957 scopulos
664 1923 782 1949 litorum
800 1926 830 1949 et
848 1932 918 1950 saxa
938 1922 1100 1948 volitantes.
1131 1922 1266 1948 Iudicant
1284 1923 1358 1948 inter
1376 1930 1441 1948 suos
1459 1924 1490 1947 et
1507 1921 1639 1947 advenas.
1670 1921 1744 1946 Nam

95 1977 118 2002 si
140 1976 245 2003 Grecus
265 1980 318 2008 est,
346 1977 462 2011 propius
489 1977 629 2003 accedunt
648 1979 678 2002 et
698 1976 887 2007 blandiunt¹;
908 1977 931 2002 si
951 1976 1118 2009 alienigena,
1140 1983 1234 2002 morsu
1254 1976 1415 2009 inpugnant
1433 1977 1464 2000 et
1483 1974 1644 2005 vulnerant,
1664 1974 1743 2000 lacri-

96 2031 182 2056 mosis
203 2031 283 2064 quasi
304 2031 423 2057 vocibus
443 2030 571 2056 dolentes
592 2030 637 2056 vel
658 2038 740 2057 suam
762 2031 952 2057 mutationem
974 2029 1018 2055 vel
1039 2030 1111 2062 regis
1131 2029 1289 2055 interitum.
1322 2029 1398 2055 Nam
1419 2027 1572 2054 Diomedes
1592 2028 1629 2053 ab
1650 2027 1744 2052 Eliriis

95 2083 284 2117 interemptus
305 2087 357 2110 est.
391 2083 453 2110 Hae
482 2085 581 2110 autem
603 2092 670 2110 aves
692 2084 793 2110 Latine
814 2083 974 2110 diomediae
996 2085 1145 2113 vocantur,
1170 2082 1251 2108 Greci
1272 2081 1394 2108 autemy
1414 2089 1462 2107 eas
1482 2081 1613 2107 herodios
1633 2080 1742 2106 dicunt.

98 2133 183 2164 Hinc
202 2133 319 2165 beatus
335 2133 547 2165 Hieronimus
565 2134 600 2164 in
615 2134 764 2175 praefata
778 2132 917 2175 epistola
934 2133 975 2163 ad
991 2132 1150 2164 Sonniam
1168 2136 1202 2163 et
1216 2131 1380 2162 Fretelam
1398 2130 1525 2161 dicit1⁰:
1547 2134 1600 2160 Pro
1618 2133 1743 2164 herodio,

96 2190 171 2224 quod
189 2191 219 2216 in
238 2190 350 2217 Hebreo
368 2191 474 2218 dicitur
491 2190 580 2221 asida,
602 2190 760 2217 Simmacus
780 2190 867 2217 ῖκτῖνα
874 2189 895 2221 ²,
921 2190 950 2215 id
975 2193 1019 2215 est
1037 2189 1167 2221 milvum,
1194 2189 1399 2222 interpretatus
1417 2190 1469 2213 est.
1497 2187 1626 2220 Denique
1643 2188 1673 2212 et
1691 2194 1742 2212 nos

95 2243 136 2270 ita
154 2244 291 2270 vertimus
308 2245 337 2270 in
356 2244 504 2271 Latinum:
520 2241 578 2270 ‘Ibi
596 2253 664 2271 aves
680 2243 884 2273 nidificabunt:
904 2243 982 2268 milvi
1005 2243 1082 2269 abies
1099 2242 1201 2268 domus
1217 2239 1282 2272 cst'‚
1301 2241 1377 2275 quod
1396 2241 1503 2267 scilicet
1521 2248 1630 2273 semper
1646 2240 1676 2265 in
1692 2248 1739 2265 ex-

175 2377 199 2402 a)
219 2372 376 2399 KOIHNA
399 2375 429 2398 Β.
544 2373 569 2403 b)
588 2374 734 2403 lulsianios.
756 2374 836 2397 himer
856 2374 902 2400 111-,
923 2381 965 2396 am
982 2372 1172 2403 Zeilenansanq.
1192 2374 1208 2397 2
1228 2371 1328 2395 Buch-st.
1347 2371 1402 2395 rad.
1424 2371 1453 2394 Β.
1572 2372 1595 2399 ⁰)
1614 2376 1692 2400 quam
1713 2369 1743 2392 Β.

97 2417 121 2447 ¹¹)
133 2417 320 2444 ΕΧΠΛΟΙΣ
332 2419 362 2442 Β.
431 2420 454 2448 e)
473 2419 499 2442 in
511 2419 602 2442 eadem
615 2418 725 2449 epistola
734 2418 811 2442 Sirm.
881 2416 900 2445 Ῡ)
920 2416 1052 2442 ΚΟῙΝΗ
1066 2417 1095 2440 Β.
1167 2419 1189 2446 g)
1209 2415 1338 2441 KOINH
1352 2415 1382 2439 B.
1453 2413 1478 2443 1¹)
1490 2412 1702 2439 EXAHAOIZ
1713 2413 1743 2436 Β.

95 2460 114 2491 i)
132 2463 264 2486 discordat
275 2463 352 2486 Sirm.
432 2461 458 2492 ¹³)
475 2463 546 2487 Fehlt
562 2462 639 2486 Sirm.
719 2461 736 2491 ¹)
755 2470 824 2493 aqua
840 2462 917 2485 Sirm.
998 2463 1030 2489 ⁰¹)
1049 2461 1083 2485 So
1098 2461 1191 2487 Simu:
1207 2462 1288 2487 anati,
1303 2459 1401 2484 danach
1416 2462 1478 2482 elwa
1493 2460 1506 2482 7
1525 2458 1625 2482 Buchst.
1640 2457 1693 2481 md.
1711 2457 1741 2480 Β.

98 2509 122 2534 ¹¹)
140 2510 317 2531 oommotatur
339 2507 371 2531 B.
457 2509 481 2537 ο)
500 2507 582 2540 pdicit
600 2507 631 2531 Β.
715 2508 740 2535 D)
758 2507 826 2529 enim
848 2505 924 2529 sirm.
1013 2507 1038 2533 (Ι)
1063 2506 1115 2528 nsis
1135 2505 1181 2531 11le
1203 2505 1264 2528 Rae.
1287 2504 1318 2528 Β.
1408 2505 1431 2532 1')
1455 2503 1541 2526 haben
1561 2502 1607 2532 aul
1630 2502 1688 2525 Rus.
1712 2501 1742 2524 Β.

97 2553 119 2579 ⁸)
139 2551 198 2575 Rae.
220 2551 339 2575 :wischen
362 2560 377 2574 u
402 2551 455 2575 und
471 2559 486 2582 g
506 2551 537 2575 Β.
653 2551 672 2580 ῑ)
691 2551 739 2574 luit
759 2550 789 2573 Β.
905 2552 929 2578 u)
950 2549 1122 2580 Symmachus
1139 2549 1216 2572 Sirm.
1328 2550 1353 2577 V)
1371 2548 1464 2572 λείπω
1488 2555 1503 2569 a
1525 2554 1572 2569 aus
1595 2547 1601 2569 i
1625 2545 1686 2569 verb.
1712 2545 1742 2568 B.

97 2598 125 2623 w)
143 2603 268 2626 agnorum
281 2595 358 2619 sirm.
444 2598 469 2624 Χ)
491 2595 619 2620 Teilweise
631 2595 677 2625 αιιῘ
688 2595 748 2618 Rus.
764 2594 800 2619 B:
820 2594 989 2617 blandiuntur
1002 2593 1079 2616 Sirvz.
1165 2595 1190 2621 Y)
1207 2592 1278 2616 Fehlt
1290 2592 1367 2616 Sirm.
1455 2593 1478 2620 z)
1497 2592 1519 2614 ei
1538 2588 1695 2615 KTEINA
1711 2589 1742 2612 Β.

186 2694 210 2723 1)
231 2692 265 2717 Α.
278 2701 303 2717 α.
316 2691 346 2717 Ο.
365 2693 409 2722 55,
427 2692 488 2717 249.
594 2693 621 2724 2)
645 2691 700 2724 Vql.
724 2694 807 2716 milen
826 2690 857 2715 Z,
876 2689 910 2714 12
919 2689 947 2722 ff.
965 2689 1022 2714 rlind
1044 2690 1077 2714 A.
1091 2689 1116 2713 5.
1222 2690 1249 2720 3)
1274 2689 1327 2721 1⁷91.
1357 2691 1438 2713 unten
1458 2687 1488 2712 Z.
1502 2686 1573 2719 uff.
1591 2685 1648 2711 uml
1668 2685 1702 2710 A.
1715 2684 1740 2709 6.

97 2738 124 2768 4)
142 2736 197 2768 Vyl.
209 2739 291 2762 unaen
299 2736 329 2761 Z.
342 2737 377 2762 16
385 2736 414 2770 ff.
426 2736 483 2761 und
492 2736 527 2761 A.
544 2737 565 2760 Τ.
651 2737 678 2767 5)
699 2735 797 2760 Ena'rr.
811 2734 839 2758 in¹
850 2733 947 2766 psalm.
960 2733 1021 2762 103,
1033 2733 1129 2765 Miq‘ne
1145 2733 1188 2761 37⁴,
1200 2732 1278 2758 1372.
1363 2733 1390 2762 6)
1411 2731 1514 2764 Expos.
1529 2731 1559 2755 in.
1572 2730 1667 2763 psalm.
1680 2728 1740 2758 103,

99 2780 193 2813 „Hique
210 2781 254 2811 51,
271 2780 332 2806 ¹293.
424 2782 451 2812 7)
471 2780 573 2812 Ezpos.
598 2780 628 2805 rin
653 2779 776 2807 Psaleer„
799 2777 895 2810 Miqm
913 2777 955 2807 70,
974 2777 1033 2802 735.
1124 2778 1151 2808 8)
1168 2777 1224 2808 Vql,
1242 2776 1340 2801 Isidor.
1364 2775 1469 2808 etymol.
1493 2774 1537 2799 lib.
1562 2774 1634 2801 XII,
1658 2773 1680 2802 7,
1696 2772 1739 2797 53.

97 2824 124 2849 S.
147 2824 216 2850 auch
232 2824 344 2850 Schrbrs
359 2824 388 2849 S.
401 2824 453 2850 467
464 2824 498 2849 A.
510 2824 554 2849 52.
644 2825 671 2855 9)
692 2823 726 2848 A.
739 2831 764 2847 α.
776 2822 806 2848 0.
823 2821 867 2847 lib.
881 2821 953 2849 XII,
965 2822 989 2849 7,
1000 2820 1116 2846 28—29.
1207 2821 1251 2851 10)
1272 2820 1352 2853 Corp.
1366 2818 1478 2845 Vindob.
1496 2819 1539 2848 55,
1550 2818 1601 2843 231
1620 2817 1669 2842 Nr.
1679 2816 1738 2841 106.

183 2873 351 2899 Errsromn
368 2873 451 2898 VIII.
1489 2866 1523 2891 22

1766 327 1839 358 865.

1756 2234 1791 2255 Ps.
1805 2234 1853 2259 103,
1864 2235 1890 2254 17

1754 2266 1798 2281 sec.
1809 2260 1880 2282 Hebr.
