2220 3192
66 774 93 794 10

66 1041 93 1060 15

67 1306 94 1325 20

67 1572 93 1591 25

67 1838 93 1857 30

67 2104 94 2122 35

67 2369 96 2387 40

686 197 873 224 HINKMAR
893 197 972 223 VON
993 197 1112 223 REIMS
1135 197 1194 223 125.
1725 195 1762 224 61

117 291 249 319 83001118
265 287 428 319 Iohannes
445 287 627 329 apostolus:
645 287 708 325 Qui
724 286 820 318 alicui
836 287 997 318 consentit
1014 286 1093 318 talia
1110 286 1196 318 mala
1212 286 1327 323 iacere,
1344 286 1378 317 id
1393 290 1443 318 est
1460 286 1486 316 si
1502 286 1554 316 in⁸
1571 297 1645 316 eum
1661 297 1767 317 emen·
1793 287 1867 318 859.

116 341 193 372 dare
214 344 323 382 potest
343 345 401 372 aut
423 340 468 372 illi
489 344 598 382 potest
618 344 740 377 vetare,
762 343 800 371 ut
820 351 886 371 non
906 340 1016 377 faciat,
1038 343 1096 371 aut
1116 340 1142 371 si
1162 339 1263 371 talem
1283 350 1348 370 non
1368 342 1477 380 potest
1497 339 1652 379 corrigere
1673 342 1706 370 et
1725 338 1768 370 ab

116 393 200 425 illius
220 405 253 425 se
274 397 384 435 potest
403 393 632 426 communione
652 404 801 435 separare
822 397 855 424 et
875 404 940 424 non
960 393 1050 429 facit,
1071 393 1292 425 communicat
1311 396 1345 424 et
1365 392 1527 434 particeps
1547 395 1596 423 est
1616 391 1766 433 operibus
1781 400 1831 424 vgi.
1843 400 1863 420 2.
1876 400 1924 420 Ich.
1936 402 1973 420 11.

115 446 198 478 illius
220 446 381 488 malignis.

199 500 243 531 Et
261 500 345 537 ideo,
365 500 482 531 fratres
501 504 534 531 et
552 499 619 536 filii,
640 500 758 536 videte,
780 503 922 541 quantae
941 499 1087 530 miseriae
1107 503 1139 530 et
1158 499 1197 530 de
1216 499 1351 540 paganis
1369 502 1403 530 et
1422 499 1460 530 de
1480 498 1550 529 aliis
1568 497 1661 530 malis
1680 498 1767 530 Chri-

116 553 230 584 stianis
249 563 345 594 super
365 563 423 584 nos
442 553 579 584 veniunt
599 556 631 584 et
650 553 769 584 cotidie
789 553 844 594 qui
863 553 927 583 ista
945 551 1032 583 111313
1051 552 1176 583 iaciunt
1195 552 1235 583 de
1254 552 1317 583 isto
1337 551 1463 583 saeculo
1483 562 1523 582 ex
1542 551 1656 582 maiori
1675 554 1767 592 parte

115 606 158 636 ad
175 609 352 643 tormenta,
372 616 456 647 quae
475 606 543 637 sine
560 605 634 643 fine,
654 617 712 647 pro
730 605 815 637 10310
834 605 939 643 factis,
959 616 1042 646 (11130
1060 606 1094 636 in
1112 615 1214 646 parvo
1232 608 1378 646 tempore
1398 605 1553 641 fecerunt,
1573 605 1694 636 mortui
1712 615 1767 635 va-

116 659 209 690 dunt.
225 659 270 689 Et
283 659 438 690 timentes
452 659 513 690 Dei
526 659 683 690 iudicium
696 659 852 690 retrahite
867 669 925 689 vos
940 657 982 689 ab
996 658 1059 688 ista
1073 658 1186 699 rapina
1201 662 1234 688 et
1248 669 1266 688 a
1281 658 1395 689 ceteris
1408 657 1492 689 male
1507 658 1611 694 factis,
1626 657 1767 689 maxime

115 711 150 742 in
165 711 228 742 isto
245 711 421 753 tempore1‚
440 712 572 753 quando
588 711 653 743 alia
670 716 815 753 peccata,
834 722 917 752 quae
935 721 991 752 per
1006 714 1116 741 totum
1133 721 1257 742 annum
1273 711 1358 742 sicut
1374 710 1503 751 fragiles
1520 711 1665 742 homines
1682 721 1767 742 com-

116 764 258 802 mittitis,
279 764 444 806 paenitere
463 768 496 796 et
515 765 700 796 satisfacere
720 765 789 795 Deo
807 764 882 795 inde
901 763 1036 800 debetis,
1057 767 1094 794 111
1112 763 1374 795 communionem
1392 764 1533 805 corporis
1552 767 1585 794 et
1603 764 1767 804 sanguinis

116 817 249 849 Domini
270 818 304 848 in
327 818 532 849 sanctissimo
556 818 607 849 die
629 817 862 859 redemptionis
885 820 1015 848 nostrae
1038 826 1104 847 non
1126 816 1169 848 ad
1190 816 1356 853 iudicium,
1381 816 1437 848 sed
1459 817 1502 848 ad
1525 816 1664 848 salutem
1687 817 1767 848 acci-

116 882 190 913 pere
212 870 354 912 possitis.
380 871 462 908 Quia
485 871 512 902 si
535 871 607 912 quis
630 871 669 902 de
692 871 763 902 istis
785 870 926 911 peccatis
949 868 1063 910 plenus
1085 869 1128 900 ad
1149 868 1239 900 illam
1262 873 1410 900 sanctam
1432 870 1694 901 communionem
1716 880 1766 901 ac-

115 924 255 961 cesserit,
280 924 348 955 sine
372 923 472 955 dubio
495 935 590 955 suam
613 924 829 965 perditionem
851 922 998 964 accipiet,
1023 922 1108 953 sicut
1131 925 1164 953 et
1187 922 1287 953 Iudas
1311 922 1398 959 fecit,
1423 923 1478 963 qui
1503 923 1680 954 Dominum
1702 926 1766 954 tra-

116 976 199 1008 didit
223 980 256 1008 01
279 976 396 1018 laqueo
421 977 654 1018 strangulatus,
679 987 743 1018 quo
768 987 801 1007 se
825 975 1004 1017 suspendit,
1029 975 1155 1006 medius
1178 975 1305 1016 crepuit
1329 979 1362 1005 et
1385 975 1510 1006 diffusis
1534 975 1709 1007 visceribus
1732 972 1980 1023 inffflssffnlfftfgj‘27’5‘

116 1030 278 1061 infernum
299 1030 452 1072 perrexit.
476 1031 637 1068 Quoniam
658 1030 742 1061 sicut
762 1029 814 1060 ifle
835 1029 1013 1060 Dominum
1035 1028 1164 1059 Iudaeis
1184 1028 1332 1065 tradidit,
1354 1028 1401 1059 ita
1422 1028 1483 1059 iste
1503 1039 1619 1069 corpus
1640 1032 1673 1059 et
1693 1040 1765 1060 san-

115 1084 245 1124 guinem
265 1083 383 1115 Christi
408 1084 569 1125 accipiens
593 1082 818 1124 peccatoribus
842 1080 931 1113 suisb
956 1081 1109 1112 membris
1133 1081 1167 1111 in
1191 1081 1497 1112 condemnationem
1522 1081 1633 1112 tradit.
1660 1081 1704 1112 Et
1728 1082 1767 1112 (10

116 1137 186 1173 1100,
203 1137 291 1177 quod
312 1136 363 1167 ille
384 1147 499 1178 passus
520 1140 569 1168 est
589 1137 623 1167 in
643 1136 752 1167 anima
773 1134 869 1167 simul
889 1138 922 1166 et
942 1145 1085 1175 corpore,
1102 1133 1223 1165 multos
1243 1138 1397 1175 expectat
1418 1134 1577 1165 Dominus
1597 1134 1639 1165 ad
1660 1134 1767 1175 poeni-

115 1190 264 1227 tentiam,
284 1193 322 1220 ut
340 1201 405 1220 non
422 1190 593 1231 patiantur
610 1189 644 1220 in
661 1199 804 1230 corpore.
825 1187 944 1220 Omnes
962 1192 1074 1219 autem
1091 1186 1175 1218 male
1194 1187 1276 1218 hanc
1295 1187 1557 1218 communionem
1574 1187 1768 1228 accipientes

116 1242 289 1284 patiuntur
311 1243 344 1274 in
367 1243 477 1274 anima
500 1246 531 1274 et
556 1242 709 1284 peribunt
732 1242 765 1272 in
788 1245 968 1277 aeternum,
992 1240 1053 1271 nisi
1076 1240 1137 1271 Dei
1159 1240 1264 1281 gratia
1287 1240 1408 1271 suerint
1430 1240 1559 1271 liberati
1581 1251 1637 1281 per
1660 1240 1767 1281 poeni·

116 1296 265 1327 tentiam.
289 1296 337 1327 De
358 1296 439 1333 istis,
462 1307 546 1337 quae
567 1296 649 1332 (1100,
672 1298 781 1336 potest
802 1294 879 1331 fieri,
904 1297 940 1325 ut
962 1293 1110 1325 diabolus
1132 1293 1293 1325 humanae
1315 1293 1428 1324 salutis
1449 1294 1598 1324 inimicus
1617 1293 1765 1324 inmittat
1779 1291 1930 1341 Vssssfggfffl·

115 1350 149 1381 in
168 1350 267 1381 corda
287 1352 407 1386 vestra,
428 1360 503 1380 cum
523 1347 654 1385 auditis,
676 1347 765 1389 quod
784 1347 850 1379 tale
871 1347 1050 1388 periculum
1070 1347 1112 1377 sit
1132 1346 1215 1378 hanc
1236 1350 1384 1378 sanctam
1404 1347 1666 1378 communionem
1685 1347 1766 1378 acci·

116 1413 201 1444 pere,
226 1402 252 1433 si
275 1402 318 1434 ab
341 1401 572 1443 iniquitatibus
596 1401 713 1432 vestris
736 1411 795 1431 vos
819 1412 883 1431 non
908 1399 1008 1431 vultis
1031 1400 1204 1436 retrahere,
1230 1403 1263 1430 et
1287 1400 1418 1431 dicatis:
1445 1399 1477 1431 Si
1501 1399 1566 1431 tale
1590 1399 1768 1441 periculum

116 1459 165 1487 est
184 1455 287 1493 nobis,
308 1455 394 1487 sicut
412 1456 474 1487 iste
493 1455 662 1497 episcopus
681 1454 771 1491 dicit,
791 1453 1042 1490 communicare,
1062 1452 1299 1485 abstinebimus
1319 1464 1376 1483 nos
1396 1453 1438 1484 ab
1457 1452 1511 1484 illa
1530 1453 1766 1485 communione.

116 1509 192 1550 quia
210 1519 276 1540 non
294 1508 492 1540 retrahimus
510 1519 569 1539 nos
587 1519 606 1540 3
624 1507 710 1539 mala
730 1507 928 1549 operatione.
949 1506 1044 1538 Unde
1062 1506 1182 1537 iterum
1200 1506 1322 1544 audite,
1343 1505 1601 1547 quibuscumque
1621 1505 1768 1537 diabolus

115 1562 179 1594 ista
198 1565 355 1599 susurrat,
371 1561 537 1603 quoniam,
558 1561 643 1593 sicut
656 1560 817 1592 Dominus
836 1560 921 1591 dixit
940 1560 980 1591 de
1000 1559 1175 1601 baptismo,
1197 1560 1285 1601 quod
1304 1559 1412 1590 nullus
1432 1562 1540 1600 potest
1559 1558 1627 1589 fieri
1647 1558 1764 1596 salvus,

113 1615 188 1646 ‘nisi
209 1615 264 1657 qui
285 1619 419 1646 renatus
440 1615 539 1646 fuerit
559 1625 599 1646 ex
619 1625 705 1655 aqua
726 1617 759 1644 et
780 1613 897 1655 spiritu
917 1612 1053 1649 sancto’,
1075 1612 1123 1645 ita
1144 1613 1183 1644 de
1204 1613 1265 1644 hac
1286 1616 1399 1644 sancta
1420 1612 1646 1644 communione
1667 1612 1765 1643 dixit:
1782 1622 1896 1645 101115.

113 1668 196 1700 ’Ν181
213 1668 490 1700 manducaveritis
506 1679 637 1700 carnem
653 1666 709 1698 filii
726 1666 865 1698 hominis
882 1670 916 1698 et
932 1666 1078 1697 biberitis
1095 1666 1163 1697 eius
1180 1666 1380 1707 sanguinem,
1403 1676 1467 1696 non
1485 1664 1646 1697 habebitis
1663 1665 1767 1696 vitam
1784 1674 1911 1697 1011351

115 1722 148 1753 in
163 1721 277 1753 vobis?
299 1722 344 1753 Et
358 1721 442 1753 sicut
457 1721 556 1752 dixit:
573 1720 650 1758 ‘Qui
664 1720 837 1752 crediderit
851 1723 884 1751 et
899 1719 1088 1761 baptizatus
1108 1719 1215 1756 fuerit,
1231 1719 1340 1750 salvus
1360 1719 1430 1750 erit’
1443 1737 1488 1742 —-
1502 1719 1534 1750 id
1554 1722 1613 1755 est,
1634 1718 1660 1749 si
1679 1718 1767 1759 quod
1782 1728 1851 1747 Marc.
1864 1728 1898 1751 16,
1912 1728 1946 1747 16.

116 1775 265 1816 promisit
282 1775 317 1806 in
335 1774 534 1816 baptismate
553 1773 682 1805 diabolo
709 1777 743 1804 et
760 1773 843 1803 eius²
867 1777 999 1811 operibus
1019 1776 1277 1803 abrenuntiando
1297 1777 1329 1803 et
1354 1776 1383 1802 in
1404 1777 1497 1802 Deum
1516 1771 1589 1808 fide,
1610 1782 1692 1812 quae
1712 1782 1767 1812 per
1782 1781 1831 1803 vui.
1846 1780 1893 1800 Gai.
1906 1780 1925 1803 ε),
1937 1781 1956 1799 6.

117 1827 323 1860 dilectionem
346 1832 405 1865 est,
427 1831 607 1858 credendo,
629 1827 717 1868 quod
740 1830 799 1863 est,
826 1830 862 1857 ut
885 1827 919 1857 in
942 1826 1004 1858 fide
1028 1830 1061 1857 et
1084 1826 1177 1857 bonis
1197 1826 1347 1867 operibus
1367 1828 1557 1867 permaneat
1576 1828 1619 1861 et,
1644 1824 1670 1855 si
1693 1828 1768 1866 post

116 1881 319 1922 baptismum
342 1880 536 1923 peccaverit,
560 1891 617 1922 per
639 1880 874 1911 confessionem
897 1884 931 1911 et
953 1880 1086 1920 dignam
1110 1879 1346 1920 poenitentiam
1368 1878 1440 1916 11118,
1465 1879 1520 1920 (1111
1543 1878 1576 1909 in
1599 1889 1673 1909 eum
1696 1889 1767 1919 pec-

116 1938 284 1972 caverunt,
305 1933 503 1966 dimittendo
524 1937 558 1965 et
578 1933 671 1965 bonis
691 1933 843 1975 operibus
863 1932 1042 1964 insistendo
1064 1933 1134 1969 hoc,
1156 1933 1244 1973 quod
1264 1931 1348 1964 male
1370 1932 1456 1969 fecit,
1478 1931 1630 1963 emendet
1647 1950 1699 1968 —,
1721 1931 1767 1962 ita

116 1987 216 2019 etiam
233 1987 274 2019 de
291 1988 351 2019 hac
369 1990 485 2019 sancta
501 1986 729 2019 communione
747 1986 847 2018 dixit:
862 1985 940 2024 ‘Qui
958 1986 1137 2017 manducat
1153 1996 1284 2017 carnem
1301 1996 1408 2016 meam
1426 1988 1460 2016 et
1478 1984 1561 2016 bibit
1578 1985 1767 2025 sanguinem
1783 1993 1832 2013 1011.
1845 1994 1864 2016 6,
1876 1993 1911 2013 57.

116 2052 235 2078 meum,
253 2041 287 2072 in
304 2051 355 2072 me
373 2044 484 2072 manet
502 2043 535 2072 et
552 2051 610 2081 ego
628 2040 661 2071 in
679 2040 738 2077 eo’,
766 2044 814 2071 et:
837 2038 887 2070 ‘Si
905 2039 977 2080 quis
994 2039 1243 2070 manducaverit
1260 2049 1300 2070 ex
1317 2038 1377 2069 hoc
1395 2049 1489 2079 pane,
1508 2038 1599 2068 vivet
1616 2038 1648 2068 in
1666 2041 1767 2068 aeter·
1784 2046 1833 2066 Ioh.
1845 2047 1866 2070 6,
1877 2046 1912 2066 52.

117 2093 217 2131 num'‚
238 2093 286 2125 ‘et
308 2104 365 2135 ego
388 2093 587 2125 resuscitabo
610 2104 684 2125 eum
706 2093 739 2124 in
762 2093 937 2124 novissimo
961 2092 1034 2123 die.³
1785 2099 1911 2121 Ioh,ss‚55.

199 2147 376 2188 Propterea
399 2147 573 2184 attendite,
597 2157 709 2178 omnes
732 2146 918 2183 Christiani,
942 2146 1019 2186 (11113
1042 2145 1109 2176 8100
1132 2145 1194 2176 ista
1217 2145 1444 2176 communione
1467 2155 1526 2175 nec
1548 2144 1767 2175 remissionem

118 2204 325 2241 peccatorum
350 2200 490 2242 potestis
515 2201 660 2242 accipere
685 2211 743 2231 nec
769 2200 808 2231 de
833 2199 958 2231 inferno
984 2198 1112 2230 liberari
1138 2209 1195 2229 nec
1221 2198 1263 2229 ad
1287 2209 1422 2238 regnum
1448 2198 1508 2229 Dei
1534 2197 1670 2238 potestis
1696 2208 1764 2238 per-

119 2254 237 2285 venire.
259 2254 302 2285 Et
322 2254 379 2295 qui
398 2254 496 2285 istam
515 2254 778 2285 communionem
797 2264 873 2283 cum
892 2252 966 2283 odio
987 2255 1020 2282 et
1039 2252 1134 2282 corde
1155 2251 1248 2292 pleno
1269 2251 1308 2281 de
1328 2251 1513 2292 iniquitate,
1534 2251 1618 2281 sicut
1637 2250 1714 2286 dixi,
1735 2254 1768 2280 et

118 2317 193 2338 cum
213 2306 386 2338 voluntate
408 2307 564 2348 peccandi
584 2307 779 2348 acceperint,
801 2305 956 2336 iudicium
978 2309 1011 2335 et
1031 2305 1337 2335 condemnationem
1358 2304 1418 2334 sibi
1439 2304 1609 2345 accipient.
1632 2303 1676 2334 Et
1696 2303 1766 2333 ideo

119 2359 243 2391 nullum
267 2360 438 2391 consilium
462 2359 551 2391 aliud
575 2363 678 2391 restat
703 2360 741 2395 ei,
768 2357 963 2396 quicumque-⁹⁶
990 2361 1054 2387 vult
1079 2361 1177 2388 salvus
1208 2357 1286 2393 fieri,
1319 2357 1380 2388 nisi
1407 2361 1442 2387 ut
1473 2356 1515 2388 ab
1540 2355 1768 2397 iniquitatibus

120 2416 222 2444 cesset
236 2416 269 2444 et
283 2413 359 2444 inde
374 2413 542 2454 paeniteat
557 2416 590 2444 et
605 2412 721 2444 offerat
737 2412 805 2442 Deo
821 2411 1054 2442 confessionem
1070 2411 1109 2441 de
1125 2410 1308 2451 praeteritis
1323 2410 1463 2451 peccatis
1479 2414 1512 2440 et
1527 2410 1766 2451 professionem,

121 2469 157 2496 ut
176 2466 211 2497 in
231 2465 393 2508 reliquum
413 2470 516 2498 cesset
537 2477 555 2497 a
577 2466 729 2507 peccatis,
753 2468 914 2506 quantum
935 2464 964 2495 ei
985 2464 1073 2495 Deus
1094 2464 1292 2495 adiutorium
1313 2463 1448 2499 dederit,
1471 2467 1504 2494 et
1525 2462 1617 2493 bonis
1638 2462 1766 2492 insistat

119 2519 269 2560 operibus
291 2523 325 2550 et
346 2519 488 2551 confisus
510 2520 550 2550 de
571 2518 790 2551 misericordia
812 2518 873 2548 Dei
894 2517 1017 2548 mundo
1039 2527 1171 2558 corpore
1194 2520 1227 2547 et
1249 2527 1330 2558 pura
1352 2516 1548 2547 conscientia
1570 2519 1603 2546 et
1625 2514 1764 2546 contrito
1779 2509 1978 2559 {gssissnT'ng'ss'

120 2573 213 2603 corde
235 2573 374 2614 accipiat
396 2573 661 2604 communionem
683 2571 825 2612 corporis
847 2574 880 2601 et
901 2569 1065 2610 sanguinis
1087 2569 1228 2601 Domini.
1252 2570 1295 2600 Et
1316 2573 1395 2600 tunc
1418 2580 1483 2599 non
1504 2569 1565 2599 erit
1587 2568 1615 2599 ei
1636 2568 1669 2598 in
1690 2578 1764 2598 con·
1780 2562 1927 2612 ἓξὲξ-ἔθ’
1940 2561 1978 2585 191

203 2670 227 2700 ³)
246 2670 280 2694 So
295 2671 325 2694 B.
431 2669 454 2699 ¹³)
472 2671 543 2700 Folqt
560 2671 620 2694 Ros.
636 2678 680 2693 von
697 2673 757 2693 elwa
772 2670 787 2693 3
805 2669 905 2692 Buchst.
924 2669 953 2691 R.
973 2667 1023 2698 V9l.
1039 2668 1101 2692 auch
1120 2671 1193 2692 umen
1214 2667 1241 2691 S.
1255 2669 1286 2692 66
1301 2668 1329 2691 Ζ.
1343 2668 1374 2692 28
1383 2667 1401 2697 s.

212 2750 236 2781 1)
258 2749 293 2774 In
308 2748 353 2774 cler
373 2749 537 2774 Fastenzeit.
557 2749 613 2781 1⁷91,
636 2751 719 2773 Χὶιηΐεη
739 2747 856 2773 Nr.127
876 2747 905 2771 S.
919 2747 953 2772 66
972 2747 1002 2771 Z.
1016 2746 1059 2772 13.
1154 2748 1181 2778 2)
1197 2746 1252 2778 Vql.
1270 2746 1325 2771 ord.
1344 2745 1460 2770 Roman.
1476 2745 1512 2774 1.,
1530 2745 1626 2777 inique
1645 2744 1687 2774 78,
1704 2743 1765 2768 966.

120 2793 148 2823 3)
168 2792 223 2825 Vql.
236 2793 474 2818 Athana-sianum.
489 2792 583 2822 Hahn,
598 2792 752 2817 Bibliothek
768 2792 814 2817 «ivr
826 2790 951 2823 Symbolv
966 2790 1023 2815 und
1033 2790 1081 2815 Gla
1088 2790 1255 2822 uhensreyeln
1272 2790 1317 2814 der
1328 2789 1406 2814 Alten
1422 2788 1534 2814 Κῶν-01103
1548 2787 1650 2821 (1897)
1663 2787 1693 2813 S.
1704 2787 1764 2812 174.
