2220 3192
658 187 842 213 HINKMAR
864 186 942 212 VON
964 185 1083 211 REIMS
1104 186 1146 211 48.
1686 181 1725 211 29

26 268 29 271 i
76 282 260 315 aeternum,
274 278 313 310 de
325 277 447 319 quibus
461 276 572 308 nullus
586 279 695 318 potest
709 276 822 318 perire.
836 275 880 307 Et
893 275 979 307 sicut
992 278 1071 306 sunt
1085 273 1319 317 praedestinati
1332 273 1437 314 gratia
1448 272 1509 304 Dei
1521 273 1563 304 ad
1575 283 1725 313 regnum,
1751 274 1825 304 852.

27 775 54 794 10

29 1041 55 1060 15

28 1306 56 1325 20

29 1580 56 1599 25

29 1848 56 1865 30

76 332 123 363 ita
147 334 227 362 sunt
251 330 486 373 praedestinati
511 330 694 365 secundum
717 328 907 371 apostolum
930 328 966 360 in
989 327 1142 370 operibus
1165 327 1270 363 bonis,
1302 327 1337 358 in
1361 326 1482 368 quibus
1505 325 1725 363 ambularent,
1742 335 1938 359 vgi.np11.2‚1o.

78 395 135 426 pro
151 384 273 426 quibus
290 384 336 416 eis
353 394 419 415 non
436 383 545 415 solum
561 383 665 424 gratia
682 382 790 420 detur,
808 382 863 414 sed
880 385 913 413 et
929 381 1034 422 gratia
1050 391 1190 422 regnum
1205 380 1361 412 reddatur
1377 383 1561 411 aeternum.
1580 379 1727 410 Poenam

76 441 191 470 autem
210 437 326 469 dicunt
346 437 381 468 in
401 436 596 468 infidelitate
615 435 667 467 vel
687 435 863 477 iniquitate
884 434 1168 476 perseverantibus
1186 445 1206 465 a
1224 433 1292 464 Deo
1313 432 1593 475 praedestinatam
1613 442 1725 463 secun-

76 491 158 522 dum
179 490 327 522 divinam
345 489 607 532 praescientiam,
627 489 712 520 sicut
729 489 892 530 scriptum
910 491 959 519 est
977 487 1011 518 in
1030 487 1205 529 propheta:
1223 486 1435 528 ‘Praeparata
1454 489 1503 517 est
1519 485 1561 517 ab
1579 485 1647 517 heri
1666 484 1724 515 To·
1742 496 1771 515 is.
1785 497 1818 517 au.
1830 496 1865 515 33

78 544 179 586 phet',
194 543 273 584 quia
284 544 344 575 hoc
357 542 413 573 adl
424 545 643 573 retributionem
653 545 780 572 iustitiae
792 545 901 579 pertine
909 547 936 575 t,
948 540 1032 572 sicut
1045 539 1189 581 pertinet
1199 540 1242 571 ad
1253 539 1404 580 gratiam,
1419 543 1457 570 ut
1468 549 1509 570 ex
1522 550 1588 570 una
1600 539 1726 570 eadem-

76 607 140 638 que
165 607 271 629 massa
294 596 420 638 peccati
442 595 547 636 gratia
570 595 663 626 electi
687 594 972 636 praedestinentur
994 593 1036 624 ad
1057 593 1175 630 vitam,
1197 592 1417 624 concordante
1439 603 1513 623 cum
1543 592 1602 623 1100
1632 602 1726 623 evan-

77 649 177 691 gelica
198 649 353 681 veritate:
375 648 462 680 ‘Ite’,
484 647 808 690 inquit,‘maledicti‚
831 647 866 678 in
887 646 997 687 ignem
1020 649 1203 682 aeternum,
1227 645 1283 687 qui
1306 648 1443 686 paratus
1465 649 1515 676 est
1540 644 1667 676 diabolo
1694 648 1727 675 et
1742 656 1920 679 matm.25,41.

77 701 200 744 angelis
220 702 312 733 eius'.

169 766 197 795 6.
225 764 350 801 Quod*
370 767 404 794 et
422 763 539 795 beatus
555 763 672 795 Petrus
691 763 726 793 in
746 761 884 804 epistola
903 771 963 792 sua
981 760 1136 792 distincte
1156 759 1293 801 loquens
1311 761 1518 791 demonstrat
1535 771 1612 792 cum
1632 760 1726 791 dicit:

76 817 190 850 ‘Novit
207 817 315 848 Deus*
336 817 407 858 pios
425 817 464 848 de
484 816 706 858 temptatione
725 815 858 857 eripere,
878 813 1010 855 iniquos
1028 817 1143 844 autem
1162 813 1198 844 in
1216 813 1268 844 die
1287 813 1399 844 iudicii
1418 813 1611 844 cruciandos
1629 824 1725 844 reser-
1743 827 1763 845 2.
1775 826 1836 845 retr.
1848 826 1899 848 2,9.

77 870 176 902 vare’,
193 870 317 902 ‘Novit'
330 869 429 907 enim,
440 869 580 901 verbum
596 868 828 910 praescientiae
837 867 909 904 Dei,
924 867 967 898 ad
986 866 1137 898 universa
1154 866 1232 897 haec
1250 866 1341 903 facit,
1359 866 1510 897 videlicet
1528 870 1561 897 et
1578 867 1619 897 ad
1637 877 1727 908 prae-

77 924 334 955 destinationem
348 923 491 964 piorum‚
507 933 591 963 quae
605 921 703 953 verbo
719 920 895 962 ereptionis
910 920 1073 956 innuitur,
1089 923 1123 950 et
1136 919 1179 950 ad
1193 919 1468 960 significationem
1483 918 1622 960 poenaeb
1638 930 1726 961 prae-

77 976 271 1013 destinatae,
288 987 368 1008 cum
385 976 421 1007 in
438 975 502 1007 fine
518 975 711 1007 cruciandos
728 973 848 1015 impios
866 976 1040 1009 monstrat,
1058 972 1191 1013 quando
1207 971 1334 1003 ‘reddet
1353 971 1529 1013 unicuique
1546 973 1729 1004 secundum
1748 986 1812 1005 riom.
1827 986 1878 1007 3,(1,

78 1040 175 1072 opera
194 1030 275 1066 sua’,
302 1032 336 1061 et
359 1029 401 1060 ad
418 1028 658 1064 discretionem,
677 1038 755 1058 cum
772 1026 903 1067 iniquos
922 1037 987 1057 non
1006 1025 1086 1056 dicit
1101 1025 1287 1057 Dominum
1304 1025 1345 1056 ad
1365 1036 1547 1066 poenarum
1564 1026 1729 1056 cruciatus

79 1082 330 1125 praedestinare,
354 1082 411 1113 sed
432 1082 517 1113 iuste
539 1081 682 1112 desertos
702 1079 895 1111 cruciandos
916 1089 1088 1110 reservare.
1110 1078 1154 1109 Et
1176 1082 1289 1119 aperte
1314 1081 1526 1114 monstratur,
1549 1078 1627 1119 quia
1650 1090 1728 1115 prae·
1744 1092 1941 1116 vgl‚2‚1›ffl‚2‚9‚

78 1136 219 1166 soientia2
240 1139 299 1166 sine
322 1138 582 1173 praedestinatione
603 1145 664 1164 esse
686 1139 792 1171 potest,
807 1135 1032 1170 praedestinatio
1053 1138 1152 1162 autem
1173 1135 1232 1161 sine
1255 1135 1443 1168 praescientia
1463 1142 1523 1160 esse
1545 1143 1602 1160 non
1624 1138 1728 1168 potest,

85 1189 243 1226 Quocirca
262 1188 329 1220 sola
348 1188 563 1230 praescientia
581 1187 670 1228 viget
687 1187 723 1218 in
740 1186 896 1228 reprobis,
916 1186 951 1217 in
969 1185 1090 1227 quibus
1110 1184 1328 1216 misericordia
1347 1184 1433 1215 iuste
1452 1183 1499 1215 nil
1516 1188 1670 1226 operatur
1689 1185 1729 1215 ad

78 1242 205 1274 donum
218 1242 352 1283 gratiae.
368 1240 588 1273 Praescientia
602 1243 718 1272 autem
732 1243 765 1271 et
779 1242 1004 1276 praedestinatio
1012 1238 1035 1272 ⁸,
1051 1238 1084 1270 id
1097 1244 1143 1268 est
1157 1241 1265 1275 gratiae
1280 1241 1471 1275 praeparatio,
1483 1237 1729 1269 misericorditer

79 1298 258 1337 operantur
281 1295 317 1326 in
340 1293 462 1332 electis,
485 1294 543 1336 qui
567 1293 855 1335 praedestinantur
877 1292 919 1323 ad
942 1302 1081 1332 regnum
1105 1296 1137 1323 et
1160 1290 1282 1332 quibus
1304 1301 1444 1332 regnum
1468 1290 1730 1332 praedestinatur

78 1352 261 1385 aeternum,
281 1348 371 1389 quod
389 1347 448 1378 ad⁴¹
468 1351 587 1377 donum
606 1350 737 1384 pertinet
755 1349 872 1383 gratiae.
887 1345 931 1376 Et
947 1344 1161 1387 praescientia
1181 1343 1282 1376 simul
1301 1348 1333 1375 et
1354 1343 1608 1385 praedestinatio
1628 1354 1729 1385 aeque

78 1412 115 1433 ac
139 1401 319 1432 iustissime
342 1404 522 1443 operantur
541 1400 575 1431 in
595 1399 893 1441 praedestinatione
914 1409 1037 1440 poenae
1056 1398 1281 1440 reproborum,
1306 1408 1390 1439 quae
1414 1397 1566 1434 pertinet⁴¹
1589 1400 1627 1426 ad
1650 1400 1730 1426 retri-

79 1458 227 1484 butionem
246 1458 382 1484 iustitiae.

168 1518 196 1548 7.
210 1515 309 1558 Aliqu
317 1528 335 1548 a
343 1517 381 1535 **
393 1516 495 1548 etiam
505 1514 667 1557 exempla,
679 1525 763 1556 quae
777 1514 910 1545 illorum
921 1513 1065 1545 stultitia
1075 1514 1117 1545 ad
1129 1513 1302 1544 munimen
1317 1513 1367 1543 sui
1381 1513 1496 1544 eadem
1509 1511 1592 1544 male
1606 1512 1730 1543 intelle-

78 1569 182 1611 gendo
204 1569 371 1611 proferens
392 1569 527 1611 profert,
550 1568 634 1599 sicut
658 1568 753 1600 modo
774 1568 816 1599 ad
839 1567 1033 1599 memoriam
1053 1570 1242 1604 occurrunt,
1265 1565 1447 1608 sapientiae
1467 1569 1594 1597 vestrae
1615 1566 1729 1597 scribo.

79 1622 255 1654 Proferunt
277 1633 318 1653 ex
339 1622 488 1664 apostolo
509 1621 601 1653 ‘vasa
621 1622 688 1653 irae
709 1620 837 1663 aptata’
860 1620 912 1651 vel
935 1620 1078 1662 perfecta
1099 1619 1155 1651 ‘ad
1176 1619 1374 1656 interitum’,
1397 1619 1543 1650 dicentes
1564 1629 1642 1650 vasa
1664 1629 1731 1650 esse
1751 1635 1812 1653 κομι
1825 1636 1845 1656 9,
1859 1636 1894 1653 31.

79 1675 322 1718 praedestinata
343 1675 386 1706 ad
407 1674 582 1707 interitum
603 1678 636 1706 et
653 1674 774 1707 mutari
799 1685 864 1705 non
888 1677 1057 1715 possuntc.
1083 1673 1145 1704 Sed
1167 1672 1261 1704 aliter
1283 1672 1339 1704 alii
1362 1671 1569 1713 intellegunt,
1587 1672 1731 1704 maxime

78 1740 157 1760 cum
173 1728 261 1760 idem
277 1729 365 1760 dicat
381 1727 550 1770 apostolus
566 1728 606 1759 de
623 1728 746 1760 eisdem
761 1727 864 1759 vasis:
880 1726 928 1759 ‘Si
945 1727 1020 1768 quis
1036 1727 1266 1758 emundaverit
1284 1737 1316 1757 se
1332 1725 1374 1757 ab
1391 1725 1486 1763 istis’,
1504 1725 1655 1756 videlicet
1673 1736 1730 1766 pro
1747 1744 1766 1760 Ζ,
1779 1741 1837 1761 Tm„
1850 1743 1869 1764 2„
1882 1742 1917 1760 «ῃ,

78 1781 199 1823 quibus
217 1792 277 1813 vas
295 1780 516 1813 contumeliae
536 1781 656 1818 fuerat,
675 1780 751 1812 ‘erit
770 1791 829 1812 vas
849 1781 883 1811 in
903 1780 1084 1812 honorem’.
1106 1780 1298 1812 Proferunt:
1325 1778 1410 1816 ‘Qui
1439 1790 1503 1809 non
1524 1779 1638 1815 credit,
1667 1779 1732 1810 iam
1748 1781 1945 1828 ‘13315113122120

80 1834 244 1866 iudicatus
263 1835 336 1872 est’,
357 1835 391 1866 id
410 1838 460 1866 est
480 1834 778 1877 praedestinatione
798 1834 859 1865 Dei
879 1834 946 1865 iam
966 1834 1146 1865 damnatus
1165 1836 1226 1864 est.
1246 1833 1291 1864 Et
1309 1832 1516 1872 Augustinus
1537 1832 1571 1862 in
1592 1831 1672 1863 libro
1693 1832 1731 1863 de
1749 1849 1797 1868 1011,
1810 1850 1828 1871 3,
1843 1823 1876 1867 ιε’,
1916 1823 1921 1827 ¹

79 1899 182 1931 agone
193 1887 375 1920 Christiano
391 1888 507 1920 dicit⁵z
525 1888 534 1899 ‘
544 1891 598 1922 Qui
613 1899 670 1917 non
686 1891 785 1922 eredit,
801 1891 859 1918 iam
873 1890 1017 1918 iudicatus
1031 1887 1098 1921 est'‚
1113 1887 1146 1918 id
1161 1890 1210 1917 est
1225 1890 1283 1916 iam
1297 1889 1453 1916 damnatus
1471 1891 1525 1919 est,
1545 1889 1733 1922 praescientia
1749 1902 1798 1922 lob,
1811 1902 1831 1925 31
1845 1903 1877 1921 18,

82 1941 195 1982 utique
211 1944 274 1975 Dei,
290 1945 339 1978 qui
354 1945 446 1975 novit,
462 1944 531 1979 qnid
545 1945 696 1971 immineat
710 1952 769 1970 non
785 1944 974 1971 credentibus.
991 1940 1184 1972 Proferunt:
1198 1939 1387 1971 ‘Induravit
1401 1938 1566 1970 Dominus
1580 1949 1634 1969 cor
1649 1938 1731 1970 Pha·
1748 1956 1853 1978 1=1x0d.9‚
1866 1956 1892 1974 12

80 1993 210 2026 raonis’.
227 1993 390 2026 ‘Tradidit
407 1993 480 2026 illos
497 1994 531 2025 in
549 1994 727 2036 reprobum
744 1994 902 2031 sensum’,
921 1993 1071 2025 inmittet
1089 1993 1135 2024 eis
1152 1993 1309 2034 spiritum
1326 1992 1452 2023 erroris.
1470 1990 1534 2022 ‘Tu
1552 2002 1627 2022 vero
1644 1992 1732 2023 Deus
1751 1996 1816 2015 nom.
1830 1997 1847 2018 1,
1861 1995 1896 2014 28-

1760 2022 1766 2034 r*
1814 2024 1826 2034 0
1857 2022 1862 2029 Ἴ

81 2047 218 2079 deduces
237 2058 291 2078 eos
310 2047 345 2078 in
361 2051 503 2089 puteum
523 2047 700 2079 interitus’.
716 2047 795 2085 ‘Qui
815 2047 1054 2088 transgreditur
1073 2058 1092 2078 a
1112 2046 1241 2077 iustitia
1260 2046 1302 2077 ad
1322 2045 1546 2086 iniquitatem,
1566 2045 1656 2076 Deus
1676 2056 1731 2086 pa·
1750 2022 1922 2095 Ilfl'gzg'lffffi'

30 2112 56 2131 ³5
79 2100 164 2132 ravit
186 2099 282 2132 illum
303 2101 345 2132 ad
367 2100 582 2142 rompheam’.
1744 2091 1813 2123 mu.
1826 2089 1911 2125 bes-27.

32 2432 58 2448 4⁸!

32 2740 59 2757 47»

171 2164 199 2193 8.
222 2162 350 2194 Sed***
366 2163 422 2194 isti
438 2162 594 2200 malivoli,
607 2174 673 2193 non
688 2162 915 2204 intellegentes
929 2173 1013 2204 quae
1029 2161 1183 2193 locuntur
1197 2161 1250 2192 vel
1264 2162 1304 2193 de
1323 2160 1444 2202 quibus
1463 2159 1645 2197 affirmant,
1656 2171 1732 2192 con-

82 2215 227 2246 fundunt
243 2216 494 2257 praescientiam
514 2220 547 2247 et
568 2216 913 2257 praedestinationem.
933 2215 977 2246 Et
993 2216 1079 2246 sicut
1094 2214 1178 2247 male
1193 2214 1391 2255 intellegunt
1404 2214 1614 2245 authenticas
1634 2214 1731 2255 scrip—

80 2272 182 2305 turas,
211 2269 258 2300 ita
286 2272 320 2300 et
348 2269 487 2310 pessime
508 2269 606 2300 verba
635 2269 741 2300 sancti
758 2269 937 2310 Augustini
959 2269 993 2299 in
1014 2268 1215 2310 quibusdam
1236 2267 1324 2304 locis,
1348 2267 1433 2298 sicut
1456 2267 1489 2297 in
1511 2267 1734 2298 enchiridionG

81 2325 114 2352 et
130 2321 164 2352 in
181 2321 271 2353 libris
287 2322 326 2353 de
342 2322 477 2353 civitate
493 2322 575 2353 Dei⁷
592 2326 625 2353 et
641 2321 719 2353 alibi
737 2322 838 2353 etiam
856 2322 1116 2363 praedestinatos
1132 2321 1174 2353 ad
1191 2321 1366 2352 interitum
1383 2324 1416 2351 et
1434 2319 1597 2361 populum
1615 2324 1733 2351 natum

173 2428 199 2459 *)
217 2428 388 2461 Vorausqeht:
411 2428 544 2461 Sequitur
564 2429 593 2453 in
612 2428 712 2454 eadem
732 2428 925 2461 responsione:
950 2428 981 2453 B.

155 2472 199 2503 **)
217 2472 388 2505 Vorausqeht:
410 2472 543 2506 Sequitur
562 2473 591 2498 in
611 2473 803 2506 responsione:
826 2472 860 2498 B.

138 2516 200 2546 ***)
217 2516 389 2549 Vorausqeht:
411 2517 545 2550 Sequitur
564 2518 661 2550 itaque
682 2517 711 2542 in
730 2517 924 2550 responsione:
947 2517 980 2542 B.

167 2607 190 2632 ὃ)
209 2604 274 2629 Verb.
293 2606 323 2629 B.
410 2605 432 2635 b)
453 2617 467 2628 «ι
487 2607 635 2637 iiberqeschr.
656 2607 684 2630 B.
777 2606 800 2636 c)
822 2607 855 2630 So
877 2607 911 2632 B:
932 2606 1044 2637 richtiqer
1063 2606 1124 2630 wohl
1143 2615 1225 2638 posse.

177 2692 200 2722 1)
219 2692 274 2724 Fyl.
297 2693 325 2718 S.
343 2693 377 2718 2&
400 2694 435 2718 A.
457 2695 477 2718 7.
627 2695 654 2725 2)
678 2694 794 2727 Prosper
815 2703 840 2718 (ι.
854 2694 934 2722 α.0.,
953 2694 1047 2726 Miqne
1069 2695 1112 2721 51,
1130 2694 1190 2719 170.
1331 2694 1357 2725 3)
1378 2694 1432 2725 Vql.
1457 2693 1521 2718 oben
1546 2693 1573 2718 S.
1594 2694 1627 2718 'AS
1653 2693 1686 2717 A.
1707 2693 1730 2716 5.

84 2738 110 2765 4)
129 2735 183 2767 1'91.
207 2735 271 2761 oben
295 2737 323 2762 S.
337 2737 371 2762 28
395 2738 430 2762 A.
448 2739 469 2762 7.
572 2740 599 2769 5)
621 2738 707 2764 (1⁴37.
733 2738 813 2771 θον-Ρ.
837 2738 948 2763 Vindob.
970 2738 1012 2764 11.
1032 2738 1092 2763 130.
1195 2739 1221 2768 6)
1243 2738 1338 2769 Miqne
1351 2738 1395 2763 40.
1416 2738 1501 2770 2315&
1603 2738 1630 2767 7)
1652 2736 1730 2767 Corp.

84 2779 192 2804 i‘indob.
207 2780 248 2804 40.
