2220 3192
55 773 82 792 10

55 1039 82 1058 15

56 1324 67 1342 2
70 1324 83 1342 Ο

56 1545 84 1564 25

57 1821 84 1840 3ss

59 2043 85 2061 35

60 2265 87 2282 40

63 2484 90 2502 45

65 2704 92 2723 51·

686 194 873 220 HINKMAR
895 194 971 221 VON
994 193 1113 220 REIMS
1133 195 1177 219 48.
1719 191 1756 221 27

199 286 225 315 l.
241 284 313 316 Alio
323 288 337 304 *
348 284 361 303 1
378 283 655 326 praedicationem
671 294 767 315 suam
782 294 874 314 orsus
890 283 985 315 initio
1000 294 1103 324 quam
1118 282 1293 320 Iohannes,
1308 283 1367 324 qui
1382 281 1485 313 dixit:
1500 282 1759 314 ‘Paenitentiam
1785 285 1858 314 852.

106 337 208 379 agite3
227 337 510 379 appropinquavit
529 337 620 369 enim
638 347 777 378 regnum
794 335 983 374 caelorum'‚
1004 340 1037 367 et
1055 346 1159 378 quam
1177 334 1312 373 Paulus,
1332 335 1390 377 qui
1409 335 1522 367 docuit
1542 345 1599 376 per
1616 335 1758 367 visibilia
1774 332 1890 382 Magni}
1902 332 1926 355 2³

105 390 288 422 visibilium
305 394 338 422 et
356 389 573 422 invisibilium
589 400 780 431 cognoscere
796 393 986 428 creatorem,
997 389 1106 431 coepit
1122 388 1343 431 praedicare2:
1367 392 1440 424 Quia
1454 395 1522 418 ante
1537 392 1633 418 omm'a
1647 392 1761 419 saecula
1776 385 1973 436 ngoli⁰if¹ii÷1²⁰³

106 450 137 473 et
152 450 310 481 antequam
327 448 482 481 quicquam
497 447 614 477 faceret,
630 456 648 473 a
664 447 803 481 principio
814 446 890 472 Deus
908 454 979 480 quos
995 445 1088 472 voluit
1104 445 1331 480 praedestinavit
1347 445 1383 472 ad
1400 453 1519 479 regnum
1535 448 1565 471 et
1582 453 1652 479 quos
1669 445 1762 472 voluit

106 500 351 534 praedestinavit²³
367 500 404 527 ad
420 500 578 526 interitum.
596 500 635 526 Et
651 500 700 534 qui
716 499 922 533 praedestinati
937 503 1006 525 sunt
1022 499 1059 526 ad
1074 499 1224 525 interitum
1240 498 1345 525 salvari
1361 507 1419 524 non
1434 502 1556 531 possunt
1571 502 1601 524 et
1617 499 1666 533 qui
1681 506 1761 532 prae·

107 553 244 579 destinati
266 555 335 579 sunt
358 553 395 579 ad
418 561 537 586 regnum
555 553 644 586 perire
661 561 719 578 non
735 556 864 587 possunt.
884 552 922 578 Et
940 552 1017 577 Deus
1034 560 1090 577 non
1108 552 1172 577 vult
1189 560 1286 577 omnes
1304 552 1432 578 homines
1449 552 1543 578 salvos
1561 552 1629 582 fieri,
1647 552 1698 577 sed
1713 560 1761 578 eos

107 609 233 636 tantum,
248 607 297 640 qui
309 606 468 632 salvantur.
485 606 523 631 Et
537 605 613 639 quod
627 605 698 632 dicit
711 605 870 639 apostolus:
884 601 894 612 ‘
903 605 957 636 Qui
970 605 1035 631 vult
1048 613 1146 631 omnes
1160 605 1289 630 homines
1303 605 1397 631 salvos
1411 602 1492 636 fieri’,
1506 605 1569 631 illos
1583 605 1639 631 diei
1652 613 1759 637 omnes,
1778 613 1796 630 1.
1809 611 1867 632 Tim.
1879 612 1899 634 2,
1911 612 1930 631 4.

108 660 156 693 qui
172 659 375 686 tantummodo
390 659 548 685 salvantur.
567 659 605 685 Et
614 658 743 685 Christus
758 666 816 684 non
832 658 920 688 venit,
937 660 971 683 ut
985 666 1083 683 omnes
1099 658 1233 687 salvaret,
1250 665 1301 683 nec
1317 666 1417 691 passus
1431 660 1477 683 est
1492 667 1543 691 pro
1559 658 1691 684 omnibus
1707 659 1760 684 nisi

106 712 286 739 solummodo
304 720 355 745 pro
373 712 426 743 his,
445 712 494 745 qui
511 712 650 746 passionis
667 712 728 738 eius
745 711 895 737 salvantur
913 710 1057 744 mysterio.
1078 710 1116 736 Et
1134 713 1288 744 postquam
1307 711 1414 744 primus
1432 711 1518 737 homo
1536 711 1624 737 libero
1642 711 1762 738 arbitrio

107 765 220 796 cecidit,
230 773 315 791 nemo
326 768 457 791 nostrum
467 765 504 791 ad
514 765 585 791 bene
596 765 748 798 agendum,
759 765 808 791 sed
819 764 1021 791 tantummodo
1031 764 1068 790 ad
1078 764 1152 790 male
1163 763 1303 797 agendum
1320 763 1408 790 libero
1418 768 1515 798 potest
1526 765 1569 790 uti
1584 761 1759 792 arbitrio**.

199 816 228 846 2.
256 815 465 856 Quapropter
473 815 531 833 ***
543 818 556 835 ¹³
570 814 611 846 ad
626 814 855 856 episcoporum
870 824 947 844 eum
963 813 1215 854 praesentiam⁸‚
1236 812 1294 853 qui
1314 816 1395 844 tunc
1416 814 1502 854 regio
1524 814 1681 845 mandato
1702 825 1761 856 pro

109 867 246 908 negotiis
264 867 360 908 regiis
378 868 469 909 apud
489 867 690 899 carisiacum
707 866 854 898 accersiti
874 870 978 903 erant,
998 865 1033 896 in
1053 865 1275 907 praesentiam
1293 866 1395 897 etiam
1414 867 1529 898 domni
1548 867 1760 905 Wenilonis⁴¹‚

107 921 164 962 qui
188 919 265 952 illuc
287 924 498 958 convenerat,
522 921 698 962 producere
721 919 845 951 studui.
867 918 933 951 Ubi
958 918 1072 950 multis
1094 918 1307 950 audientibus
1331 919 1378 950 nil
1399 919 1539 959 dignum
1561 920 1688 951 ratione
1708 920 1761 951 vel

107 973 193 1005 dixit
212 973 265 1005 vel
284 974 506 1014 interrogatus
525 973 704 1015 respondit,
726 973 781 1004 sed
803 976 840 1003 ut
860 972 1054 1013 arrepticius
1073 982 1152 1003 cum
1178 972 1266 1013 quod
1286 971 1525 1003 rationabiliter
1552 974 1762 1014 responderet

109 1037 175 1058 non
191 1026 318 1064 habuit,
331 1027 366 1058 in
381 1025 600 1059 contumelias
616 1025 821 1066 singulorum
838 1024 1000 1066 prorupit.
1011 1025 1057 1056 Et
1067 1028 1202 1066 propter
1219 1025 1534 1066 inpudentissimam
1551 1025 1761 1058 insolentiam

108 1091 204 1111 suam
220 1091 278 1121 per
294 1079 441 1120 regulam
457 1079 562 1111 sancti
578 1078 770 1110 Benedicti⁵
784 1089 803 1110 a
820 1078 1057 1110 monachorum
1071 1077 1248 1109 abbatibus
1261 1077 1315 1109 vel
1328 1078 1445 1109 ceteris
1462 1078 1629 1109 monachis
1644 1079 1762 1119 dignus

109 1132 233 1173 flagello
257 1133 465 1165 adjudicatus
495 1137 538 1170 et,
566 1132 653 1169 quia⁰
677 1138 776 1162 contra
801 1135 967 1161 canonicam
991 1130 1239 1162 institutionem
1264 1135 1358 1161 civilia
1380 1138 1412 1160 et
1433 1135 1626 1161 ecclesiastica
1648 1136 1763 1169 negotia

200 1230 227 1261 *)
245 1230 425 1263 Vorausyehl:
449 1231 559 1256 Primus
574 1230 668 1262 igitur,
685 1229 742 1262 qui,
758 1231 791 1254 ut
805 1237 892 1262 supra
907 1228 1041 1258 diximus,
1058 1228 1225 1254 miserabilis
1240 1228 1315 1254 illius
1331 1228 1462 1254 monachi
1477 1231 1507 1253 et
1522 1231 1619 1254 actum
1633 1228 1763 1254 discribit

113 1278 142 1300 et
159 1275 321 1301 doctrinam
339 1274 484 1307 redarguit
500 1277 530 1299 et
547 1274 761 1300 damnationem
778 1273 905 1306 exponit,
925 1275 1078 1306 postquam
1096 1281 1162 1299 eum
1179 1273 1254 1298 dixit
1271 1273 1347 1298 ultro
1365 1273 1419 1298 sibi
1438 1273 1641 1306 praedicatoris
1659 1281 1762 1299 nomen

107 1319 294 1352 assumpsisse
311 1322 399 1352 atque
417 1319 453 1345 ad
472 1318 606 1344 barbaras
622 1321 652 1343 et
670 1326 795 1351 paganas
813 1320 910 1349 gentes
929 1317 1008 1342 velut
1024 1317 1286 1350 evangelizaturum
1305 1318 1471 1350 perrexisse.
1490 1317 1533 1342 his
1551 1317 1645 1343 verbis
1662 1318 1761 1343 seriem

108 1363 330 1397 praedicationis
347 1363 408 1388 eius
426 1363 600 1396 exsequitur,
619 1362 728 1388 dicens:
750 1362 783 1387 B.

182 1407 227 1439 **)
246 1407 332 1440 Folqt:
352 1408 389 1433 Et
407 1410 500 1433 cetera
509 1411 530 1437 ⁰,
556 1415 627 1440 quae
643 1407 701 1432 iam
718 1406 753 1432 de
774 1406 835 1432 aliis
853 1407 924 1432 actis
941 1407 1010 1436 eius,
1029 1415 1085 1432 11011
1102 1406 1137 1431 de
1155 1406 1302 1432 doctrinae
1321 1409 1417 1431 tenore
1435 1407 1600 1439 exsequitur
1620 1407 1653 1431 B.

164 1452 227 1483 ***)
244 1452 423 1484 Vorausqehc:
448 1452 515 1477 Post
537 1452 605 1477 haec
626 1451 796 1484 interposita
822 1451 946 1484 quadarn
963 1451 1134 1480 narratione,
1152 1459 1223 1484 quae
1240 1451 1276 1476 ad
1293 1454 1471 1484 praesentem
1486 1451 1698 1484 responsionem
1714 1460 1762 1476 no-

108 1499 199 1522 stram
214 1505 272 1522 non
289 1496 403 1522 videtur
418 1496 584 1525 necessaria,
594 1495 740 1528 subiungit
755 1496 876 1528 scriptor
891 1495 1027 1528 epistolae
1040 1495 1075 1520 de
1089 1498 1232 1521 conventu
1249 1495 1359 1521 concilii
1374 1496 1572 1528 episcoporum
1590 1504 1641 1528 pro
1656 1496 1762 1521 exami-

108 1541 209 1567 nandis
227 1544 257 1566 et
274 1540 440 1566 definiendis
459 1540 671 1574 quaestionibus
689 1540 748 1565 sive
766 1540 982 1569 obiectionibus,
1003 1548 1072 1573 quas
1090 1539 1137 1565 ille
1158 1539 1324 1565 miserabilis
1344 1540 1500 1565 monachus
1519 1540 1699 1573 proposuisse
1718 1539 1762 1565 vel

108 1585 236 1611 docuisse
251 1585 364 1611 dicitur.
382 1585 423 1610 De
440 1585 543 1618 quibus
559 1584 626 1618 quid
641 1587 755 1611 nostrae
772 1584 923 1618 pusillitati
939 1584 1080 1614 videatur,
1096 1585 1154 1610 iam
1168 1593 1255 1617 supra
1269 1585 1340 1610 satis
1355 1587 1502 1610 ostensum
1517 1588 1570 1609 est.
1588 1584 1626 1610 Et
1642 1584 1763 1617 qualiter

109 1629 184 1655 idern
204 1629 361 1656 monachus
378 1629 532 1655 eorundem
550 1630 746 1662 episcoporum
764 1629 877 1656 iudicio.
897 1629 964 1662 quia
981 1638 1079 1654 eorum
1097 1629 1256 1654 sententiae
1275 1629 1455 1661 adquiescere
1475 1629 1576 1657 noluit,
1595 1629 1681 1654 fuerit
1699 1638 1762 1654 eon-

109 1674 271 1704 damnatus,
292 1674 334 1699 ita
353 1673 462 1699 dicens:
486 1674 520 1699 Β.

193 1746 237 1770 48.
257 1749 280 1775 a)
299 1747 484 1778 predistinavit
503 1746 594 1777 (cister)
615 1747 645 1769 Β.
735 1745 758 1775 l‘)
778 1747 859 1777 inquil
879 1746 1003 1776 einqelilqc
1022 1746 1052 1769 R.
1137 1750 1159 1773 Γ)
1178 1750 1279 1769 caetera
1300 1747 1389 1776 (cister)
1411 1746 1440 1769 h'.

202 1817 228 1847 l)
248 1816 308 1841 Das
320 1816 359 1841 im
371 1815 501 1841 ‘Libellus
513 1815 544 1841 de
557 1815 642 1840 tribus
654 1815 785 1848 epistolis'
800 1814 963 1847 ‘ilberlielerte
977 1815 1061 1840 Stat-ke
1074 1815 1108 1840 ist
1121 1815 1261 1847 :weijellos
1274 1814 1401 1844 dasselbe,
1417 1823 1467 1840 von
1479 1815 1540 1839 dem
1551 1814 1687 1840 Flodoard
1699 1814 1760 1841 III.

110 1860 143 1885 21
160 1860 240 1892 (MG.
254 1860 304 1885 SS.
319 1860 410 1890 XIII,
422 1860 490 1893 514)
505 1860 616 1893 sprichl:
628 1860 703 1885 Item
715 1859 750 1885 de
765 1859 944 1885 Gothescalci
957 1860 1018 1885 vita
1031 1859 1075 1884 vel
1088 1860 1313 1889 conversatione,
1327 1859 1529 1892 predicatione,
1542 1859 1762 1892 deprehensione

111 1908 196 1938 atque
218 1905 481 1938 condempnatione.
508 1905 564 1937 Vyl.
586 1913 636 1930 von
657 1904 785 1930 Noorden
805 1904 833 1929 S.
849 1904 882 1929 74
903 1904 968 1929 113
991 1903 1045 1929 und
1065 1904 1094 1929 S.
1108 1904 1161 1929 403
1182 1904 1249 1933 1ι.8,·
1269 1904 1358 1936 jerner
1376 1903 1525 1936 Freysledt,
1545 1903 1699 1936 Zeilschrifl
1718 1903 1765 1935 fiir

112 1949 139 1974 Κ
141 1948 375 1982 irchenyeschichte
387 1949 500 1979 XVIII,
511 1949 528 1974 9
538 1949 572 1974 A.
586 1949 603 1974 2
614 1948 671 1974 und
681 1948 710 1974 S.
723 1948 775 1974 182
786 1948 821 1974 A.
832 1948 857 1974 2.
874 1948 919 1974 Im
932 1948 1048 1974 Voru‘orl
1063 1957 1124 1973 zum
1139 1948 1270 1973 ‘Libellus
1284 1948 1315 1973 de
1330 1948 1416 1973 tribus
1431 1948 1562 1981 epistolis'
1577 1948 1590 1981 (
1594 1948 1627 1973 M
1629 1948 1690 1980 ique
1701 1948 1763 1977 121,

111 1993 204 2026 986Ῑ.)
222 1993 295 2026 heissl
311 2002 348 2019 es:
365 1993 490 2025 Quorum
506 2002 579 2019 unus
598 1993 780 2026 (Hinkmar),
805 1993 853 2026 qui
875 1996 905 2018 et
927 1993 956 2018 in
972 1993 1015 2018 his
1032 1993 1124 2018 tribus
1140 1993 1248 2026 primus
1265 1993 1390 2026 ponitur,
1412 1993 1501 2018 etiam
1518 1992 1666 2018 cuiusdam
1683 1993 1762 2018 mise-

110 2037 206 2063 rabilis
222 2037 362 2068 monaehi,
379 2038 427 2071 qui
441 2038 570 2071 inquieta
584 2040 614 2063 et
628 2037 761 2063 insolenti
776 2038 1007 2071 praesumptione
1023 2037 1106 2063 huius
1122 2037 1296 2070 quaestionis
1312 2037 1357 2062 vel
1372 2037 1468 2070 potius
1483 2037 1609 2063 scandali
1623 2037 1764 2062 excitator

110 2085 140 2107 et
154 2082 315 2115 exagitator
330 2083 460 2108 extitisse
476 2082 590 2112 dicitur,
608 2082 730 2116 qualiter
746 2082 879 2108 videlicet
901 2082 930 2107 in
952 2082 1065 2107 duobus
1087 2082 1285 2115 episcoporum
1309 2081 1434 2107 conciliis
1455 2084 1486 2106 et
1501 2081 1618 2107 auditus
1634 2081 1720 2107 fuerit
1734 2084 1765 2106 et

110 2126 252 2152 iudicatus
270 2129 356 2160 atque
375 2126 539 2154 damnatus,
565 2126 714 2159 diligenter
739 2129 769 2152 et
789 2126 913 2152 breviter
931 2127 960 2151 in
978 2126 1099 2159 epistola
1117 2135 1169 2152 sua
1187 2126 1321 2159 exposuit
1339 2129 1425 2159 atque
1445 2126 1570 2159 digessit.
1592 2126 1630 2151 Et
1647 2125 1764 2158 singulis

111 2171 170 2196 eius
188 2171 429 2204 propositionibus
449 2171 517 2204 quid
535 2171 580 2196 vel
606 2171 642 2197 ab
660 2172 722 2204 ipso
740 2170 785 2196 vel
802 2180 819 2196 a
837 2171 955 2196 caeteris
972 2171 1031 2196 sive
1050 2174 1119 2196 tunc
1136 2170 1281 2196 obiectum
1298 2171 1385 2196 fuerit
1401 2171 1460 2195 sive
1478 2179 1567 2203 usque.
1586 2170 1669 2195 hodie
1687 2170 1764 2203 apud

111 2224 159 2241 eos
178 2215 328 2245 obiciatur,
349 2216 455 2249 pariter
472 2218 624 2241 exsecutus
642 2218 695 2241 est.
716 2215 863 2241 Imzerhalb
882 2215 928 2240 der
946 2215 1125 2241 Konstaverse
1144 2215 1219 2243 wird.
1240 2215 1289 2240 wie
1307 2215 1453 2244 naturliclz,
1473 2215 1512 2240 im
1531 2214 1651 2240 Libellus
1669 2214 1764 2239 immer

112 2259 208 2285 wieder
224 2260 273 2292 aus
294 2260 367 2285 Teile
385 2259 430 2285 des
448 2260 475 2285 H
479 2260 685 2292 ivzk'marb'rieses
705 2260 794 2292 Bezuq
810 2268 975 2292 qeuommen.
988 2275 1023 2278 —
1035 2259 1178 2285 Diimmler
1189 2259 1230 2289 12,
1244 2259 1297 2285 336
1310 2260 1344 2285 A.
1359 2259 1373 2284 1
1391 2259 1447 2284 und
1459 2260 1487 2284 S.
1501 2259 1554 2285 408
1572 2258 1764 2284 αηίενθοήεἱᾶει

112 2304 174 2329 zwei
189 2304 288 2336 Brieje,
301 2304 367 2330 cloch
383 2305 418 2330 ist
430 2304 504 2329 scine
515 2305 547 2330 M
550 2304 653 2337 eimmgy
665 2304 738 2330 nicht
751 2304 902 2337 beqrandess
919 2303 954 2329 (Ια
966 2304 1016 2329 das
1029 2304 1122 2336 Reqest
1137 2303 1179 2329 bei
1188 2303 1324 2329 Flodoard
1335 2304 1393 2329 sich.
1406 2304 1455 2329 mit
1471 2303 1522 2328 den
1538 2304 1577 2328 im
1587 2303 1718 2329 ‘Libellus
1733 2302 1764 2327 de

114 2348 199 2373 tribus
217 2349 348 2382 epistolis’
369 2349 553 2381 ilberlieserteu
571 2349 751 2382 Fraymentcn
770 2348 852 2374 deckt.
873 2348 985 2374 Sem-&rs
1004 2348 1098 2374 8121
1119 2348 1176 2373 und
1195 2348 1224 2374 S.
1237 2348 1291 2373 562
1310 2348 1345 2374 A.
1361 2348 1375 2373 7
1394 2348 1440 2373 hat
1461 2348 1533 2373 nicht
1553 2347 1689 2377 vermerlct,
1709 2347 1764 2380 dass

114 2392 248 2418 wirkziche
259 2393 418 2426 Fraqnzente
431 2392 585 2419 vorhanden
597 2392 669 2418 sind.
684 2393 701 2418 I
702 2402 721 2418 n
733 2392 785 2418 den
800 2393 927 2425 Reqesten
944 2393 1065 2418 Traubes
1080 2393 1161 2425 (MG.
1178 2393 1275 2418 Poetae
1287 2393 1349 2421 III,
1365 2393 1416 2418 707
1422 2392 1450 2426 ff.
1455 2392 1468 2425 )
1483 2393 1518 2417 ist
1531 2391 1581 2417 das
1593 2392 1677 2417 Stizck
1689 2391 1764 2416 nicht

113 2437 216 2462 ποιέω-ἰ.
237 2452 273 2455 -
290 2437 349 2463 Γᾶν
367 2437 410 2463 die
430 2437 582 2470 Dalierunq
601 2437 636 2463 ist
655 2445 708 2463 arus
726 2437 772 2463 der
795 2437 934 2467 Tatmche,
955 2437 1010 2470 dass
1030 2437 1076 2462 der
1097 2437 1183 2470 Briej,
1203 2437 1245 2462 als
1267 2437 1360 2462 dessen
1378 2436 1545 2469 Empjc‘inyer
1562 2436 1659 2462 Amolo
1681 2435 1764 2461 durch.

112 2480 245 2506 Flodoard
260 2481 386 2513 qesichert
402 2482 446 2511 ist,
463 2482 537 2507 nicht
550 2482 624 2507 mehr
637 2490 688 2507 von
703 2481 802 2507 diesem
816 2481 903 2511 selba,
917 2481 1033 2507 scudem
1045 2481 1116 2507 nach
1131 2482 1233 2507 seinem
1251 2481 1323 2507 Tode
1342 2481 1355 2514 (
1358 2481 1390 2507 M
1393 2483 1438 2506 iirz
1449 2481 1529 2513 352),
1545 2479 1764 2506 wahrsclzeinlich

115 2533 165 2550 von
180 2524 239 2550 dem
255 2525 366 2558 Bischof
382 2526 438 2551 Ebu
453 2535 504 2552 von
518 2526 645 2552 Grenoble
663 2526 727 2559 (vql.
744 2526 857 2552 Schriirs
872 2526 900 2552 S.
914 2526 966 2551 121
984 2526 1018 2552 A.
1033 2526 1094 2559 40),
1112 2526 1278 2551 beantworlet
1297 2526 1395 2555 warde,
1414 2534 1447 2551 zu
1463 2525 1630 2555 entuehmen,
1647 2524 1701 2557 dass
1719 2523 1765 2549 der

117 2568 322 2602 Hinkmarbries
339 2573 390 2595 eret
408 2571 439 2595 in
456 2570 502 2596 der
519 2571 610 2596 letzten
628 2570 781 2596 Lebenszeit
793 2570 905 2596 Amolos
922 2570 953 2595 in
971 2570 1050 2603 Lyon
1068 2571 1240 2604 einqelroffen
1259 2571 1301 2595 ist.
1321 2586 1357 2588 —
1371 2570 1427 2602 Vyl.
1444 2569 1514 2595 auch
1531 2569 1684 2595 Hinlcmars
1700 2571 1764 2594 ενδ-ιε

116 2612 217 2645 Schrift
234 2613 297 2639 *iiber
314 2614 357 2639 die
377 2615 608 2645 Prddestination,
626 2624 648 2640 3.
667 2615 733 2640 oben
751 2615 801 2640 Nr.
816 2615 850 2640 37
868 2615 896 2640 S.
911 2614 945 2640 12
964 2615 998 2640 A.
1013 2614 1037 2640 2.
1132 2615 1160 2646 2)
1181 2615 1220 2640 Es
1235 2614 1323 2647 jolqen
1339 2614 1403 2647 fimf
1421 2614 1499 2639 Siz'tze
1516 2613 1689 2639 Gottschalks.
1706 2612 1761 2644 Vql.

118 2657 212 2689 Miyne
225 2657 286 2687 121,
300 2657 360 2684 989.
374 2659 453 2684 1005.
468 2659 547 2685 1010.
562 2659 641 2685 1022.
747 2659 774 2691 3)
796 2659 897 2684 Konzil
910 2667 961 2684 von
974 2659 1091 2692 Quierzy
1107 2659 1168 2684 849.
1181 2659 1237 2692 Vql.
1252 2659 1318 2684 oben.
1331 2659 1360 2684 S.
1373 2658 1408 2683 ‘23
1423 2658 1457 2683 A.
1471 2658 1496 2683 6.
1601 2659 1629 2689 4)
1651 2657 1698 2682 ΕΙ).
1714 2665 1761 2681 von

116 2701 186 2726 Sens
202 2701 238 2734 (c.
252 2702 419 2735 838—865).
431 2703 488 2736 Vql.
504 2703 654 2734 DucMsne,
667 2703 763 2729 Fasces
781 2703 950 2737 episcopans
961 2703 1020 2733 112,
1041 2703 1102 2728 421.
1196 2704 1224 2735 5)
1241 2703 1263 2729 V
1264 2704 1297 2735 ql.
1312 2703 1415 2735 Requla
1427 2703 1515 2728 sancti
1527 2701 1666 2727 Benedicti
1685 2709 1706 2725 c.
1719 2700 1761 2725 25.

117 2745 144 2776 6)
165 2745 218 2777 Vql.
238 2745 338 2771 Konzil
357 2755 408 2772 vo‘n
427 2747 632 2773 Meaux-Paris
651 2748 734 2780 (845)
753 2756 774 2773 c.
788 2748 831 2777 57,
856 2756 877 2772 s.
895 2747 960 2773 oben
984 2747 1013 2773 S.
1027 2747 1061 2772 23
1082 2748 1116 2773 A.
1136 2749 1160 2775 7,
1187 2747 1242 2772 und
1271 2747 1357 2773 Urleil
1380 2747 1427 2771 der
1443 2746 1553 2779 Synode
1576 2754 1624 2771 von
1648 2745 1764 2776 Quierzy

119 2789 213 2821 (849),
230 2797 252 2814 3.
269 2789 334 2815 oben
351 2790 379 2815 S.
392 2791 426 2816 23
443 2791 500 2816 und
517 2792 550 2817 A.
564 2792 588 2817 6.

1517 2842 1550 2867 4*
