2220 3192
341 326 416 354 8615.

288 2032 431 2055 ·1›an.12,4.

308 2297 365 2320 Eph.
379 2298 399 2320 4,
412 2298 430 2316 3.

444 233 499 260 1⁸4
1013 227 1199 253 HINKMAR
1219 226 1297 252 VON
1318 225 1438 251 REIMS
1460 226 1520 251 184.

441 329 596 359 separatus.
614 323 733 349 Dim-bat
749 322 861 354 quidem
877 320 1046 345 iniustitiam
1062 328 1090 344 sc
1106 327 1219 352 passum
1234 321 1263 343 et
1277 317 1487 351 obloquebatur
1500 314 1560 343 sibi
1575 317 1789 350 derogabatque
1805 317 1896 343 Petro.
1915 317 1970 343 Sed
1987 319 2086 344 Petrus

439 380 467 404 in
486 377 676 411 persecutione
694 377 827 407 percepta
846 373 973 405 martyrii
992 373 1087 405 palma
1103 372 1256 397 defunctus
1273 374 1329 400 est3
1346 371 1399 396 iste
1418 379 1483 396 vero
1501 370 1599 396 retulit
1615 371 1807 396 detractiones
1824 371 1853 395 in
1870 370 2019 401 Achillam,
2038 373 2084 405 qui

440 434 503 465 post
527 431 638 455 Petrum
657 428 781 460 suscepit
801 427 1007 459 episcopatum,
1027 428 1057 450 ct
1076 433 1176 450 rursus
1195 425 1223 450 in
1245 424 1449 451 Alexandrum.
1471 424 1518 456 qui
1539 426 1604 457 post
1624 423 1763 449 Achillam
1784 424 1910 449 noscitur
1928 425 2084 450 ordinatus.

440 485 518 509 Inter
532 483 600 508 hacc
614 482 699 513 igitur
714 480 878 512 supervenit
893 479 1040 512 quaestioa
1055 478 1184 507 An-iana,
1205 480 1234 503 et
1250 477 1379 503 Meletius
1400 485 1456 502 una
1477 485 1541 503 cum
1562 477 1619 502 suis
1639 476 1812 502 defendebat
1833 477 1956 507 Arrium,
1978 479 2085 511 conspi-

439 538 545 562 13111111(-
568 535 643 560 sau-ta
665 542 729 559 cum
749 542 781 558 eo
803 532 938 558 advorsus
959 532 1132 565 episcopum.
1154 527 1200 557 De
1221 537 1286 567 quo
1300 526 1428 557 Meletio
1450 530 1483 556 ct
1503 526 1572 557 eius
1593 526 1807 567 complicibus
1829 527 1976 567 praefata
1997 538 2086 558 sacra

437 585 597 626 synodus-¹
618 584 650 613 iu
673 582 873 623 praescripta
893 580 1032 622 epistola
1054 581 1142 622 pacis
1162 580 1429 620 redintegrandae
1450 584 1483 610 et
1504 580 1643 610 unitatis
1663 579 1767 619 gratia
1788 579 1863 610 haec
1884 580 2026 611 decrevit
2045 581 2086 611 ad

437 639 560 669 locuni:
581 640 698 669 Placuit,
717 635 900 675 inquiens?
922 638 1067 663 Meletium
1085 637 1199 671 quidem
1217 637 1347 663 clementi
1367 637 1491 664 consilio.
1509 636 1578 661 dum
1596 636 1693 662 subtili
1712 645 1835 669 veraque
1852 637 1961 662 ratione
1980 637 2087 663 1111113111

438 696 548 720 veniam
567 696 727 721 mereretur,
741 701 852 718 manere
867 692 982 725 quidem
997 692 1025 716 in
1041 691 1154 724 propria
1169 691 1295 721 civitate,
1307 690 1413 715 nullam
1426 698 1491 715 vero
1501 690 1672 715 omnimodis
1688 690 1791 715 habere
1808 692 1981 723 potestatem
1997 699 2087 723 neque

437 747 554 780 eligendi
570 755 660 779 neque
674 745 834 775 ordinandi,
846 754 896 771 nec
910 746 939 770 in
951 745 1094 778 provintia
1109 753 1158 769 nec
1173 745 1201 769 in
1213 743 1340 777 qualibet
1355 744 1481 772 civitate,
1493 751 1652 776 purumque
1667 751 1770 768 nomen
1784 744 1985 769 tantummodo
2001 745 2087 777 possi-

437 802 509 826 dere.
530 800 584 825 Eos
601 802 708 827 autem.
727 799 774 831 qui
792 799 829 824 ab
845 807 882 823 eo
899 801 967 823 sunt
984 798 1143 825 constituti,
1162 798 1283 830 mystica
1299 797 1478 822 ordinatione
1496 796 1624 822 firmatos
1642 796 1745 822 habere
1763 796 1898 821 honorem
1915 799 1944 822 et
1962 797 2086 823 ministe-

437 855 520 880 rium.
538 856 570 878 ut
586 856 683 878 tamen
700 854 850 885 sequentes
866 852 923 877 sint
940 851 1031 876 modis
1047 851 1180 876 omnibus
1197 851 1393 876 universorum
1410 851 1439 875 in
1456 850 1572 883 singulis
1589 850 1744 883 parrochiis
1760 852 1789 875 et
1805 849 1927 875 ecclesiis
1944 851 2088 876 carissimo

437 910 466 933 et
485 907 678 933 comministro
694 908 790 931 nostro
806 904 967 931 Alexandro
983 907 1220 933 consecratorum,
1240 907 1273 929 ut
1292 901 1323 930 in
1346 904 1388 928 his
1408 903 1485 929 nulla
1504 906 1631 936 potestas
1650 903 1688 928 sit
1707 903 1827 936 placitos
1846 903 1899 928 sibi
1917 903 2017 936 eligere
2037 906 2088 929 aut

438 961 553 986 nomina
572 968 670 985 eorum
692 959 830 992 praeferre
851 961 902 984 aut
922 959 1038 983 omnino
1059 957 1166 990 aliquid
1187 966 1268 990 agere
1290 960 1401 990 praeter
1422 956 1602 982 voluntatem
1622 956 1754 982 ecclesiae
1776 956 1931 982 catholicae
1952 957 2088 990 praesulis

438 1013 600 1039 Alexandri.
625 1012 722 1038 Gratia
743 1020 866 1045 namque
887 1012 939 1037 Dei
959 1014 988 1036 et
1007 1011 1184 1036 orationibus
1204 1011 1306 1035 vestris
1325 1011 1353 1035 in
1374 1010 1451 1035 nullo
1471 1010 1603 1035 scismate
1624 1012 1758 1043 repertos,
1779 1009 1828 1034 sed
1848 1010 1908 1035 sine
1929 1011 2040 1036 macula
2059 1011 2089 1036 in

438 1067 577 1093 catholica
591 1068 620 1092 et
639 1065 795 1099 apostolica
813 1065 929 1091 ecclesia
948 1067 1154 1098 permanentes.
1174 1064 1292 1097 dignum
1312 1066 1355 1088 est
1375 1065 1549 1096 potestatem
1568 1063 1671 1089 habere
1691 1066 1721 1088 et
1741 1063 1862 1096 eligendi
1882 1063 2038 1096 quemlibet
2059 1066 2088 1089 et

439 1120 555 1145 nomina.
574 1127 672 1145 eorum
691 1119 789 1146 dandi,
810 1119 857 1151 qui
879 1118 951 1143 clero
971 1120 1038 1143 sunt
1058 1118 1145 1151 digni,
1165 1113 1203 1142 et⁴
1215 1117 1344 1143 absolute
1364 1117 1455 1143 facere
1475 1117 1571 1142 omnia
1591 1116 1749 1142 secundum
1769 1116 1859 1149 legem
1878 1119 1908 1141 et
1927 1117 2088 1143 sanctiones

438 1173 578 1200 eeclesiae.
602 1172 630 1198 Si
650 1180 733 1205 quem
753 1180 819 1197 vero
839 1172 989 1204 contigerit
1008 1172 1178 1204 requiescere
1197 1171 1224 1195 in
1244 1171 1370 1197 ccclesia.
1390 1173 1458 1195 tunc
1478 1170 1595 1203 provehi
1614 1171 1642 1195 in
1662 1169 1797 1195 honorem
1816 1169 1943 1195 defuncti
1962 1178 2018 1198 eos,
2039 1171 2088 1204 qui

439 1235 528 1260 nuper
551 1226 696 1258 adsumpti
719 1228 796 1253 sunt,
820 1224 997 1250 solummodo
1021 1225 1043 1249 si
1067 1224 1219 1249 videantur
1241 1224 1318 1257 digni
1341 1226 1370 1249 et
1390 1223 1512 1257 populus
1539 1231 1587 1249 eos
1605 1223 1730 1256 elegerit,
1756 1222 1979 1249 condecernente
2004 1224 2088 1250 simul

438 1283 467 1306 et
501 1280 683 1312 consignante
717 1279 841 1304 maxime
872 1277 1060 1304 Alexandriae
1093 1278 1218 1303 civitatis
1246 1278 1386 1310 episcopo.
1417 1276 1478 1302 Hoc
1503 1277 1601 1309 itaque
1627 1276 1688 1302 aliis
1715 1276 1830 1309 quidem
1857 1284 2020 1302 concessum
2045 1280 2089 1302 est

438 1333 584 1361 omnibus3
601 1333 630 1357 in
648 1340 766 1365 persona
783 1340 849 1357 vero
874 1331 978 1356 Meletii
995 1339 1176 1363 nequaquam
1198 1331 1297 1356 eadem
1322 1330 1490 1363 placuerunt
1515 1332 1631 1363 propter
1655 1330 1776 1362 priorem
1801 1329 2089 1362 indisciplinationem

439 1387 499 1412 eius
515 1388 545 1411 et
563 1388 678 1419 propter
696 1385 888 1418 procacitates
906 1385 965 1410 eius
982 1394 1014 1410 ac
1033 1383 1208 1417 petulantiae
1226 1384 1415 1409 voluntatem.
1442 1392 1475 1408 116
1493 1383 1550 1409 ulla
1573 1383 1690 1409 daretur
1713 1383 1869 1408 auctoritas
1893 1383 1937 1408 vel
1961 1386 2088 1416 potestas

440 1439 556 1465 homini.
575 1439 622 1472 qui
640 1440 735 1471 posset
752 1446 847 1463 rursus
863 1438 1045 1470 easdemque
1061 1437 1334 1470 indisciplinationes
1350 1437 1496 1462 instruere.

529 1488 573 1518 Et
585 1487 778 1519 Anastasius
793 1488 899 1517 iunior
914 1498 999 1528 papa
1013 1487 1053 1517 ad
1066 1487 1279 1517 Anastasium
1294 1487 1526 1527 imperatorem
1541 1485 1704 1516 scribens-'¹
1718 1485 1756 1515 de
1770 1485 1928 1516 ordinatis
1941 1496 1959 1516 a
1973 1486 2088 1527 damp-

443 1545 520 1572 nato
533 1541 649 1572 Acacio
664 1540 862 1582 recipiendos
876 1541 910 1571 in
923 1540 990 1570 suis
1003 1540 1171 1570 ordinibus
1184 1540 1273 1570 dicit.
1296 1540 1507 1580 Quamquam
1520 1539 1633 1569 eadem
1647 1538 1786 1580 epistola
1799 1538 1896 1569 sacris
1909 1539 2089 1570 canonibus

439 1599 472 1625 et
488 1594 624 1625 decretis
640 1594 835 1629 Innocentii,
854 1593 973 1625 Zosimi
991 1597 1023 1624 ct
1042 1594 1157 1624 Leonis
1173 1597 1273 1633 atque
1292 1592 1410 1624 Gelasii
1427 1604 1446 1623 a
1460 1592 1659 1632 quibusdam
1678 1603 1743 1622 non
1760 1592 1932 1622 convenire
1949 1592 2087 1629 dicatur,

439 1648 516 1689 quia
534 1652 571 1678 ut
586 1647 740 1688 ambigua
757 1647 920 1678 sententia
936 1647 970 1677 in
986 1647 1099 1677 cadem
1114 1645 1252 1687 epistola
1269 1647 1355 1677 idem
1365 1645 1558 1677 Anastasius
1573 1645 1695 1681 scribit,
1712 1648 1767 1675 utb
1781 1645 1964 1686 baptizavit
1979 1646 2087 1676 catho-

440 1701 510 1738 lice,
527 1712 592 1731 non
607 1701 775 1737 canonice;
794 1711 851 1731 nec
867 1700 1048 1731 secundum
1063 1711 1169 1731 sacras
1184 1699 1310 1740 regulas
1327 1710 1429 1740 neque
1445 1703 1601 1728 secundum
1617 1702 1749 1728 ecclesiae
1765 1702 1921 1728 catholicae
1938 1706 2087 1728 eonsuetu-

440 1758 535 1783 dinem
559 1758 718 1784 sacerdotes
742 1753 792 1785 vel
815 1757 917 1783 levitas
933 1754 1136 1794 dampnatus
1152 1757 1297 1783 ordinavit
1315 1757 1443 1785 Acatius,
1461 1752 1539 1793 quia
1557 1756 1695 1792 possunt
1712 1752 1813 1782 etiam
1830 1752 1998 1783 interdum
2015 1752 2088 1784 laici

440 1807 590 1839 catholici
614 1807 784 1848 baptizati,
811 1811 847 1837 ut
870 1807 950 1837 dicit
975 1806 1153 1838 Gelasius‘1.
1177 1805 1333 1837 catholice
1357 1806 1523 1846 baptizare
1547 1809 1581 1835 et
1604 1805 1705 1836 etiam
1728 1805 1895 1836 criminosi
1918 1805 2024 1836 adhuc
2048 1818 2088 1835 se-

441 1862 569 1890 dentes5
590 1873 674 1898 super
694 1864 869 1891 cathedram.
891 1865 964 1890 sicut
985 1863 1092 1889 scribae
1113 1866 1142 1889 et
1163 1863 1287 1889 Pharisei
1308 1863 1341 1890 et
1361 1859 1447 1890 sicut
1468 1862 1564 1891 Iudas,
1586 1870 1637 1895 pro
1660 1859 1831 1889 ministerii
1853 1863 1992 1895 dignitate
2014 1863 2089 1888 inter

441 1918 584 1951 apostolos
599 1914 659 1944 sibi
675 1918 825 1943 commissa
840 1918 872 1944 et
889 1913 1036 1944 nondum
1051 1913 1170 1944 iudicio
1184 1917 1299 1953 aperto
1314 1913 1433 1943 amissa
1450 1923 1506 1952 pro
1521 1923 1580 1942 suo
1595 1912 1702 1942 officio
1717 1922 1800 1952 quae
1816 1913 1850 1943 in
1865 1913 1977 1943 eodem
1995 1913 2088 1943 mini-

442 1968 538 1998 sterio
556 1968 719 2008 operanda
737 1971 817 1997 sunt
834 1967 970 2007 operari.
992 1966 1078 1997 Sunt
1093 1970 1126 1997 et
1140 1965 1214 2002 alia,
1230 1977 1313 2006 quae
1328 1965 1378 1997 hic
1395 1965 1472 2007 poni
1492 1969 1655 2006 poterant.
1676 1965 1737 1996 nisi
1755 1965 1879 1996 obviari
1897 1965 1942 1996 eis
1959 1965 1999 1996 ab
2017 1965 2089 1996 aliis

445 2020 634 2051 constitutis
656 2024 908 2060 sanctorumque
930 2020 1066 2050 decretis
1090 2019 1260 2050 manifeste
1281 2022 1560 2059 cognoscerentur.
1583 2018 1751 2059 quoniam,
1776 2022 1813 2049 ut
1834 2018 1973 2050 Danihel
1993 2019 2088 2050 dicit:

442 2074 709 2104 ‘Pertransibunt
728 2074 873 2114 plurimi,
893 2077 926 2104 et
947 2073 1123 2114 multiplex
1142 2073 1203 2104 erit
1221 2073 1380 2107 scientias,
1399 2071 1493 2103 aliter
1511 2072 1550 2102 de
1569 2071 1757 2102 huiusmodi
1776 2072 1904 2102 decreta
1924 2072 2021 2102 fuisse
2041 2072 2088 2103 in-

442 2128 631 2158 veniuntur.
648 2127 692 2157 Et
707 2127 824 2158 idcirco
840 2127 903 2157 ista
920 2127 1064 2167 posuisse
1081 2126 1236 2162 sufficiat,
1252 2136 1335 2167 quae
1352 2125 1573 2165 indulgentiae
1590 2125 1700 2166 potius
1718 2125 1971 2156 misericordiam
1986 2126 2087 2166 sequi,

442 2191 543 2220 quam
563 2191 735 2211 censuram
756 2180 901 2210 iustitiae
923 2181 1086 2210 intentare
1107 2180 1271 2210 videntur.

536 2234 595 2264 His
609 2244 682 2273 crgo
697 2234 743 2264 ita
758 2245 789 2264 se
804 2233 1010 2269 habentibus,
1025 2237 1191 2274 quantum
1205 2244 1246 2263 ex
1262 2243 1311 2263 me
1325 2236 1385 2268 est,
1400 2231 1483 2262 sedis
1496 2230 1693 2272 apostolicae
1707 2230 1904 2271 benignitati
1918 2234 1951 2261 et
1963 2234 2088 2262 vestrae

448 2286 662 2317 fraternitatis
675 2286 755 2316 bene
771 2286 909 2327 placitae
923 2287 1127 2317 consensioni
1140 2285 1311 2317 ‘sollicitus
1325 2295 1450 2316 servare
1466 2284 1630 2315 unitatem
1644 2284 1780 2324 spiritus
1794 2284 1828 2314 in
1841 2283 1973 2315 vinculo
1989 2284 2087 2325 pacis'

445 2339 478 2369 in
499 2339 638 2370 fratrum
656 2340 795 2370 istorum
813 2339 951 2380 regulari
969 2343 1060 2370 statu
1079 2351 1145 2379 non
1162 2339 1268 2370 obvio.
1295 2339 1453 2376 Quorum,
1472 2338 1558 2368 sicut
1575 2337 1609 2368 in
1628 2337 1833 2378 praecedenti
1851 2337 1980 2368 scedula
1997 2337 2089 2368 vobis

445 2396 609 2432 porrectac
628 2393 778 2433 praemisi
790 2394 812 2421 ⁴².
825 2393 987 2423 salubrem
1001 2404 1038 2423 ac
1054 2392 1232 2432 regularem
1247 2396 1374 2423 statum
1388 2395 1421 2422 et
1434 2391 1545 2432 cupivi
1559 2394 1593 2421 et
1605 2391 1702 2431 cupio
1717 2394 1749 2420 et
1763 2391 1909 2431 quaesivi
1923 2395 1956 2421 et
1969 2401 2089 2431 quaero

444 2449 477 2475 et
490 2445 528 2475 de
542 2456 683 2485 quorum
697 2446 875 2476 deiectione
889 2445 977 2476 dolui
992 2446 1071 2476 satis
1085 2450 1118 2476 et
1131 2445 1233 2482 doleo,
1248 2446 1325 2486 quia
1342 2456 1436 2476 nemo
1452 2445 1557 2475 maius
1570 2444 1779 2485 dispendium
1795 2444 1892 2474 habet
1905 2444 1943 2475 de
1957 2443 2089 2474 illorum

444 2499 620 2529 deiectione
636 2510 737 2538 quam
757 2510 824 2539 ege.
847 2499 889 2529 Et
910 2499 985 2529 haec
1001 2500 1134 2539 quidem
1154 2499 1267 2540 scripsi
1289 2510 1345 2540 pro
1369 2498 1590 2529 mediocritate
1612 2496 1763 2537 ingenioli
1787 2497 1861 2533 mei,
1881 2497 2086 2528 devotionem

528 2635 550 2658 v-¹)
571 2634 670 2661 questio
695 2632 724 2655 ΙΙ.
827 2631 851 2661 ¹³)
872 2634 905 2656 No
926 2633 960 2659 B;
979 2636 1003 2656 ot
1024 2634 1100 2656 Sirm.
1203 2636 1226 2661 c)
1245 2636 1393 2663 porrectam
1414 2632 1444 2655 Β,

540 2730 562 2759 l)
582 2729 635 2759 I'ssl.
661 2729 725 2753 nbvn
749 2729 844 2753 ,32183
860 2729 889 2753 Z.
903 2729 946 2753 31.
1067 2730 1093 2759 2)
1115 2728 1236 2753 Cassiod.
1263 2729 1335 2754 Hesssl.
1359 2728 1464 2761 tripart.
1489 2727 1532 2755 II.
1552 2727 1594 2755 152,
1620 2727 1714 2759 Miyne
1738 2727 1781 2754 0'9,
1799 2727 1860 2752 932.
1985 2727 2011 2757 3)
2032 2725 2084 2758 Vql.

446 2773 597 2797 Hiram-him
614 2774 641 2797 N.
662 2773 713 2797 0¹:56
736 2782 757 2796 r.
778 2773 792 2797 7
819 2773 914 2804 (·J.-K.
937 2773 1012 2804 711).
1140 2774 1167 2804 4)
1191 2773 1245 2805 1⁷91.
1271 2772 1423 2798 H'insckizts
1447 2772 1475 2797 S.
1495 2772 1546 2797 651
1571 2780 1591 2796 c.
1611 2771 1642 2800 9:
1669 2771 1746 2796 'l'hiel
1771 2771 1796 2801 I,
1814 2771 1867 2796 366
1893 2770 1990 2803 (J.-K.
2004 2770 2083 2802 636).
2110 2788 2112 2791 ·

446 2818 473 2847 5)
492 2817 545 2848 l'yl.
561 2817 726 2841 Anas-eassus-
740 2816 781 2841 ΙΙ.
800 2826 834 2841 (ιη
851 2817 950 2841 Kaiser
963 2817 1137 2845 Anastasius,
1155 2826 1176 2841 s.
1190 2817 1256 2843 oben.
1270 2817 1300 2842 Z.
1315 2816 1376 2848 23s.
1395 2816 1452 2841 und
1469 2816 1502 2841 A.
1517 2815 1540 2840 3.
1654 2816 1682 2845 11)
1700 2815 1755 2847 Vyl.
1772 2815 1837 2840 oben
1852 2815 1881 2840 S.
1895 2815 1947 2840 175
1961 2815 1991 2840 Ζ.
2005 2814 2039 2839 343
2052 2813 2080 2847 ff.
2098 2847 2104 2851 ⁶

2112 799 2140 818 10

2114 1068 2140 1088 15

2113 1334 2140 1353 20

2113 1599 2141 1619 25

2112 1866 2140 1885 30

2114 2132 2141 2151 35

2113 2398 2141 2416 40

2113 2778 2121 2795 ,-

2124 2777 2136 2796 5
