2220 3192
675 203 862 229 HINKMAR
882 202 961 229 VON
981 202 1101 228 REIMS
1123 202 1182 228 131.
1708 199 1746 228 71

100 293 220 325 sentire
234 293 444 330 videbantur,
463 297 573 324 noster
589 303 714 329 sensim,
731 303 833 333 quem
847 303 867 324 a
882 291 1041 323 catholico
1058 291 1193 333 tramite
1210 302 1277 322 non
1292 291 1421 322 deviare
1437 290 1628 327 credebatis,
1645 289 1686 322 ab
1703 290 1748 321 eis

100 347 135 378 in
158 345 268 388 aliquo
292 346 473 384 dissideret,
493 349 667 388 sequentes
691 349 724 376 et
743 345 911 387 praecepti
929 344 1086 376 dominici
1109 344 1289 376 iussionem
1313 348 1346 375 et
1365 343 1587 375 Christianam
1611 343 1747 385 praede-

99 410 265 431 cessorum
282 402 470 430 vestrorum
488 399 774 430 consuetudinem.
793 399 855 430 Est
874 398 964 429 enim
984 401 1017 429 et
1036 397 1157 429 divinis
1177 396 1301 438 legibus
1319 400 1459 428 cautum
1479 400 1512 427 et
1532 396 1637 438 prisco
1656 399 1748 428 ante-

100 452 224 484 riorum
238 452 429 494 principum
448 463 536 483 more
554 455 698 489 suetum,
711 455 759 489 ut,
777 451 1074 493 quotienscumque
1091 451 1126 482 in
1142 449 1302 482 catholica
1320 449 1382 481 fide
1398 449 1452 481 vel
1468 450 1580 481 divina
1596 449 1749 490 religione

64 516 77 534 5
99 504 275 546 quiddam⁸
294 505 371 536 novi
388 505 566 542 emerserit,
584 516 603 536 a
621 504 795 546 principali
812 504 977 536 sententia
994 503 1224 546 episcoporum
1240 502 1407 534 consultui
1424 503 1593 540 referatur,
1612 506 1646 533 et
1661 502 1750 543 quod

100 568 214 590 eorum
233 557 353 589 iudicio
377 558 618 599 scripturarum
631 561 823 589 sanctarum
836 557 1035 588 auctoritate
1055 560 1089 587 et
1102 556 1339 588 ortodoxorum
1354 556 1588 597 magistrorum
1600 555 1750 586 doctrina

100 615 199 652 atque
219 610 402 642 secundum
420 611 655 642 auctoritatem
673 610 868 642 canonicam
887 613 920 640 et
939 609 1067 641 decreta
1087 608 1285 650 pontificum
1302 609 1532 641 Romanorum
1552 608 1671 640 Christi
1689 608 1750 640 Dei

101 663 203 695 nostri
217 663 331 694 vicarii
347 667 380 694 et
391 667 524 694 sanctae
535 662 627 695 eiusb
638 662 789 695 ecclesiae
801 661 966 704 praesules
976 662 1186 699 credendum,
1198 662 1403 703 sequendum
1414 665 1447 692 et
1456 662 1640 693 tenendum
1650 665 1750 702 atque

101 716 358 759 praedicandum
382 716 596 754 decreverint,
620 716 653 748 id
675 716 717 748 ab
736 715 891 748 omnibus
909 715 1003 746 corde
1022 715 1173 746 credatur
1192 715 1235 746 ad
1252 715 1427 752 iustitiam,
1448 725 1501 746 ore
1519 717 1655 746 autemb
1674 725 1750 746 con-

51 781 77 801 1ο
100 770 235 802 fiteatur
248 769 290 801 ad
305 768 459 806 salutem,
471 773 627 810 sequatur
641 770 683 801 ad
697 769 916 806 vocationem,
931 771 1085 799 teneatur
1098 767 1141 798 ad
1155 778 1320 805 coronam,
1333 768 1538 809 praedicetur
1553 768 1594 799 ad
1609 767 1750 799 lucrum.

107 824 198 860 Quae
213 822 376 863 siquidem
385 821 533 863 capitula
548 822 582 854 in
597 825 764 853 conventu
775 821 1004 863 episcoporum
1014 820 1126 851 habito
1141 820 1177 851 in
1186 820 1349 852 territorio
1361 820 1506 852 Tullensi
1522 821 1556 852 in
1566 820 1656 858 villa,
1666 831 1751 862 quae

100 876 220 908 dicitur
241 874 467 917 Saponariasl,
488 879 568 906 ante
587 875 728 907 biduum
747 885 850 916 quam
863 873 957 905 vobis
972 876 1120 915 porrecta
1141 873 1276 910 fuerint,
1298 877 1378 904 sunt
1397 874 1544 911 recitata,
1567 874 1752 915 proferente

101 932 134 960 et
151 929 336 970 deponente
354 935 407 960 ea⁰
430 928 544 960 sinodo
562 928 684 959 domno
701 927 850 968 Remigio
869 926 1144 967 Lugdunensium
1161 926 1414 968 archiepiscopo,
1441 927 1544 964 Quae,
1564 927 1649 958 sicut
1666 926 1752 958 dixit

100 985 134 1014 et
148 981 183 1013 in
198 981 435 1023 epigrammate
450 981 631 1013 eorundem
640 980 864 1022 capitulorum
873 979 1092 1015 continetur2,
1110 979 1144 1010 in
1154 979 1214 1010 hoc
1230 979 1300 1020 ipso
1311 989 1399 1010 anno
1415 979 1449 1010 in
1463 979 1621 1011 Kalendis
1638 979 1751 1011 nihilo-

52 1046 79 1066 15
103 1035 213 1068 minus
228 1034 351 1066 ibidem
366 1035 538 1076 descriptis
553 1038 587 1065 et
602 1034 637 1065 in
652 1033 807 1065 suburbio
819 1033 1017 1074 Lingonjcae
1033 1031 1122 1063 urbis
1137 1032 1179 1064 ad
1195 1032 1449 1063 instructionem
1464 1032 1621 1064 dominici
1637 1032 1753 1074 populi

102 1089 170 1130 ipse
189 1091 223 1118 et
243 1087 304 1118 sibi
318 1087 628 1129 comprovincialesd
644 1086 810 1128 episcopi⁸
829 1086 1012 1117 ediderunt.
1033 1085 1078 1116 Et
1097 1085 1132 1116 in
1146 1085 1292 1116 crastina
1311 1084 1374 1116 alia
1392 1085 1559 1126 quaedam
1572 1085 1751 1126 capitula&

101 1142 140 1173 de
155 1140 276 1183 quibus
294 1144 370 1182 post
387 1140 530 1172 locuturi
548 1151 675 1177 sumus,
693 1139 812 1171 relecta
831 1139 935 1176 fuere;
954 1149 1052 1180 super
1068 1138 1200 1180 quibus,
1220 1138 1306 1169 sicut
1321 1138 1523 1179 quibusdam
1540 1148 1581 1169 ex
1599 1138 1755 1169 fratribus

100 1195 210 1226 visum
223 1198 283 1231 est,
292 1194 503 1235 quorundam
517 1205 631 1224 sensus
642 1197 691 1224 est
703 1196 824 1224 motus.
834 1192 933 1229 Nam,
945 1195 984 1223 ut
996 1202 1070 1222 vere
1084 1195 1117 1223 et
1129 1202 1188 1222 nos
1201 1191 1378 1228 fateamur,
1394 1195 1523 1222 nostrae
1536 1192 1754 1223 conscientiae

101 1257 198 1289 super
216 1247 344 1288 pridem
358 1246 526 1288 capitulis,
540 1257 637 1289 quae,
655 1250 693 1277 ut
707 1246 865 1282 diximus,
875 1245 1046 1285 Remigius
1060 1244 1325 1286 archiepiscopus
1343 1244 1456 1275 sinodo
1476 1248 1754 1286 praesentaverat,

51 1311 78 1330 20
100 1300 256 1337 recitatis,
279 1299 535 1332 catholicorume
558 1300 600 1331 ad
624 1299 819 1331 memoriam
841 1298 1034 1330 reducentes
1056 1298 1231 1329 doctorum
1254 1297 1459 1335 traditiones,
1485 1308 1551 1328 non
1576 1298 1700 1329 modice
1724 1309 1755 1329 se

99 1357 346 1385 concusserunt.

189 1406 284 1438 Unde
309 1410 498 1438 nostrorum
519 1406 657 1448 quidam
680 1405 755 1436 fidei
771 1404 974 1436 Christianae
997 1404 1065 1435 zelo
1089 1404 1235 1435 succensi
1258 1403 1369 1445 aliqua
1392 1404 1505 1435 sinodo
1528 1403 1659 1435 voluere
1682 1415 1754 1445 sug-

101 1470 216 1502 gerere.
237 1459 300 1491 Sed
319 1463 430 1491 motus
448 1459 552 1491 nostri
569 1459 611 1491 ab
628 1459 743 1490 eodem
759 1457 939 1489 venerabili
956 1457 1199 1498 archiepiscopo
1215 1456 1366 1497 Remigio
1385 1457 1659 1497 Lugdunensium
1677 1461 1758 1488 sunt

104 1513 248 1546 modeste
271 1513 459 1554 compositi,
479 1523 516 1544 eo
535 1511 766 1544 venerabiliter
790 1514 974 1553 perorante,
992 1514 1041 1548 ut,
1066 1511 1093 1542 si
1115 1521 1404 1551 quorumcumque
1430 1514 1618 1542 nostrorum
1642 1521 1757 1541 sensus

52 1577 80 1596 25
102 1566 143 1599 ab
163 1566 285 1598 eisdem
306 1565 444 1608 prolatis
462 1565 619 1607 capitulis
639 1565 674 1596 111
693 1564 803 1606 aliquo
823 1564 1045 1595 dissentiendo
1067 1574 1099 1594 se
1119 1567 1353 1600 commoveret,
1373 1564 1415 1594 ad
1436 1563 1586 1604 proxime
1606 1563 1756 1595 futuram

103 1620 255 1651 sinodum
269 1619 507 1651 catholicorum
522 1618 619 1650 libros
632 1618 820 1650 doctorumt
840 1617 963 1658 quique
977 1617 1100 1648 deferre
1114 1627 1268 1648 curemus
1283 1620 1326 1653 et,
1342 1617 1428 1647 sicut
1443 1616 1560 1648 melius
1574 1617 1756 1648 secundum

101 1672 297 1704 catholicam
317 1676 350 1703 et
369 1671 586 1714 apostolicam
605 1671 792 1702 doctrinam
812 1671 847 1702 in
865 1681 1043 1702 commune
1064 1670 1300 1707 invenerimus,
1320 1670 1359 1700 de
1378 1673 1484 1701 cetero
1505 1680 1620 1700 omnes
1641 1670 1756 1701 unani-

104 1726 199 1758 miter
220 1730 404 1757 teneamus.
427 1726 468 1757 In
488 1725 583 1756 cuius
601 1724 775 1756 devotione
795 1724 1149 1765 coepiscoporumqueg
1171 1724 1275 1765 ipsius
1296 1723 1469 1760 dioceseos,
1490 1734 1634 1764 quorum
1655 1723 1757 1754 etiam

103 1783 135 1811 et
151 1782 229 1810 ante
246 1779 489 1810 ordinationem
507 1781 655 1810 mentem
670 1777 867 1809 catholicam
884 1781 985 1818 atque
1001 1777 1199 1814 doctrinam,
1218 1777 1304 1808 sicut
1321 1780 1354 1807 et
1370 1786 1428 1807 vos
1447 1787 1513 1807 11011
1530 1775 1623 1812 latet,
1641 1786 1755 1816 cogno-

54 1842 81 1861 so
101 1832 224 1869 vimus,
243 1835 411 1873 quantum
436 1831 546 1862 sensui
572 1830 766 1872 pusillitatis
792 1834 921 1861 nostrae
943 1830 1042 1861 fidem
1067 1830 1314 1861 accommodare
1338 1830 1511 1866 audemus,
1538 1829 1755 1870 percepimus,

102 1886 179 1927 quia
201 1896 267 1916 non
287 1888 347 1916 exh
367 1885 458 1926 ipsis,
482 1888 520 1915 ut
540 1895 607 1916 non
627 1884 777 1915 dicamus
798 1894 855 1925 per
876 1884 974 1925 ipsos,
997 1883 1110 1914 sinodo
1130 1882 1278 1924 capitula
1299 1883 1371 1923 ipsa
1393 1883 1480 1913 fuere
1502 1882 1641 1923 prolata.
1670 1883 1755 1919 Qua-

102 1941 246 1980 propter,
257 1938 423 1979 quamvis¹
434 1937 554 1969 blando
565 1935 572 1956 ¹
583 1936 677 1969 sibilo
693 1948 746 1968 eos
760 1937 897 1978 quidam
911 1947 1064 1968 caraxare
1079 1935 1313 1967 voluerintk—
1324 1936 1362 1966 de
1373 1946 1420 1972 eo,
1432 1936 1520 1976 quod
1535 1939 1670 1967 sanctus
1681 1936 1756 1967 Cae-

102 1991 239 2023 lestinus
254 1989 439 2032 episc0p0s¹
460 1990 644 2022 Gallicanos
659 1990 824 2031 redarguit
839 1990 985 2021 dicensf’:
1012 1993 1087 2025 Quid
1101 1993 1166 2024 illio,
1182 1989 1302 2030 inquit,
1323 1992 1415 2026 speiffl
1434 1992 1519 2023 estffl,
1540 1992 1589 2018 ubi
1616 1992 1758 2026 magistris

102 2047 265 2075 tacentibus
279 2048 309 2074 hi
323 2047 503 2082 loquuntur?
529 2047 593 2079 Qui,
609 2047 633 2073 si
651 2047 694 2074 ita
712 2050 766 2078 est,
780 2055 879 2074 eorum
894 2046 1025 2080 discipuli
1040 2054 1098 2072 non
1112 2046 1251 2072 fuerunt?
1271 2046 1379 2076 Timeo,
1400 2054 1434 2071 ne
1455 2045 1627 2071 cohiberen
1648 2045 1686 2071 sit
1706 2046 1758 2071 hoc

53 2107 81 2126 35
103 2103 209 2132 tacere;
225 2101 323 2132 timeo,
333 2109 369 2127 ne
380 2101 469 2135 magis
485 2100 562 2135 ipsi⁰
573 2100 738 2134 loquantur,
750 2100 799 2134 qui
809 2100 984 2134 permittunt
998 2099 1052 2125 illis
1068 2099 1164 2125 taliter
1179 2099 1266 2132 loqui.
1283 2098 1319 2124 In
1334 2098 1440 2125 talibus
1457 2099 1548 2125 causis
1563 2102 1640 2124 nonD
1658 2098 1758 2124 carew>

102 2154 260 2188 suspicione
270 2154 284 2173 Ρ
296 2154 489 2184 taciturnitas,
503 2154 570 2187 quia
582 2156 742 2180 occurreret
754 2153 870 2183 veritas,
883 2153 906 2178 si
918 2153 1029 2179 falsitas
1041 2152 1212 2186 displiceret.
1222 2151 1323 2178 Merito
1335 2160 1459 2185 namque
1473 2160 1559 2178 causa
1570 2160 1621 2178 nos
1633 2151 1757 2184 respicit,

104 2207 126 2233 si
135 2207 248 2234 silentio
258 2207 407 2234 faveamus
417 2207 505 2234 errori
512 2223 565 2238 —,
576 2214 635 2234 nos
649 2207 764 2234 tamen
780 2202 900 2244 plures,
911 2202 969 2243 qui
984 2206 1114 2233 eorumq
1126 2205 1173 2232 etq
1187 2201 1301 2233 fidem‘l
1313 2205 1345 2232 et
1362 2201 1548 2232 doctrinam
1565 2204 1599 2231 et
1616 2200 1756 2242 pruden-

104 2256 186 2288 tiam
202 2257 365 2294 novimus,
384 2257 494 2288 minus
509 2257 545 2288 in
560 2257 606 2288 eis
621 2256 686 2287 ista
702 2255 913 2287 noscentibus
929 2255 1129 2286 sententiam
1145 2265 1203 2296 pro
1218 2254 1418 2286 dissensione
1433 2254 1592 2295 baptismi
1608 2254 1646 2285 de
1660 2253 1756 2284 beato

185 2357 209 2385 θ’)
228 2355 361 2386 quoddam
382 2354 422 2379 lb.
513 2354 538 2385 b)
556 2355 628 2379 Fehlt
647 2355 725 2378 Sim.
812 2356 835 2383 ⁶)
852 2354 923 2378 Fehlt
945 2356 966 2377 1.
1037 2352 1061 2383 d)
1080 2361 1139 2377 cum
1155 2361 1196 2384 ep.
1218 2355 1240 2377 1.
1327 2355 1349 2383 e)
1366 2353 1438 2383 Folslt
1457 2353 1536 2376 libros
1557 2354 1579 2376 1.
1666 2351 1684 2381 f)
1703 2352 1754 2375 dii*-

54 2398 82 2417 40
105 2403 190 2423 torum
211 2401 247 2423 1²².
373 2402 395 2429 Β)
417 2408 477 2430 -que
498 2399 557 2429 fehlt
578 2401 600 2423 1.
722 2398 746 2427 ιι)
764 2398 834 2423 Fehlt
855 2400 878 2422 1.
994 2396 1013 2427 i)
1033 2398 1128 2421 blando
1149 2398 1269 2428 quamvis
1289 2399 1313 2421 2.
1433 2396 1459 2426 k)
1478 2397 1617 2420 voluerunt
1635 2397 1659 2423 3,
1680 2396 1756 2419 Βίην.

105 2442 122 2472 1)
140 2444 203 2474 epus
213 2445 237 2468 2.
322 2447 354 2473 ¹1¹)
374 2445 485 2475 speciem
504 2445 526 2467 1.
619 2446 643 2473 ¹¹)
663 2444 697 2467 So
715 2444 736 2467 1.
752 2444 775 2467 2.
794 2443 888 2467 Βίνηι.;
907 2443 1071 2465 committere
1088 2443 1119 2469 3;
1137 2443 1275 2465 connivere
1294 2441 1357 2465 uach.
1370 2442 1424 2465 dem
1435 2440 1620 2470 Caelestinbriel
1641 2440 1703 2464 verb,
1716 2439 1756 2463 3b.

105 2488 129 2516 ⁰)
146 2488 182 2511 illi
205 2490 228 2512 1.
314 2490 338 2517 D)
357 2489 503 2519 suspicione
522 2496 574 2512 non
598 2491 666 2511 caret
693 2488 715 2511 ⁴3.
741 2488 764 2511 3.
851 2488 876 2515 q)
894 2493 918 2509 et
944 2486 1022 2510 fidem
1045 2494 1135 2509 eurum
1161 2488 1182 2510 1.

190 2576 216 2607 1)
238 2575 346 2608 Synode
359 2584 409 2601 von
424 2576 605 2601 Savonnieres
617 2575 657 2600 bez?
673 2575 744 2600 Tou!
760 2574 854 2606 (859),
867 2582 888 2598 s.
902 2573 972 2599 auch
983 2573 1046 2598 oben
1062 2573 1090 2599 S.
1106 2574 1139 2599 70
1151 2574 1186 2599 A.
1201 2574 1225 2598 2.
1303 2574 1330 2604 2)
1340 2573 1397 2605 Vql.
1416 2572 1514 2598 Mami
1527 2572 1585 2602 XV,
1599 2572 1661 2597 537:
1680 2572 1756 2597 Haec

109 2619 221 2646 decreta
237 2619 374 2653 synodica
392 2620 561 2646 obtulerunt
583 2619 675 2645 eidem
694 2618 846 2645 conventui
869 2621 899 2643 et
922 2617 1034 2650 regibus
1058 2617 1249 2643 assidentibus
1274 2617 1429 2650 Remigius,
1453 2616 1622 2649 Agilmarus,
1646 2616 1707 2641 Ebo
1728 2618 1757 2640 et

60 2663 86 2681 ⁴¹5
112 2664 196 2690 ceteri
212 2664 371 2698 coepiscopi
386 2673 495 2694 eorum,
513 2664 561 2697 qui
578 2668 644 2689 ante
662 2663 823 2697 quindecim
839 2662 898 2687 dies
920 2662 949 2687 in
966 2662 1207 2688 Andemantunno
1224 2661 1383 2694 Lingonum
1405 2670 1469 2686 cum
1492 2669 1555 2693 rege
1581 2669 1631 2685 suo
1652 2659 1756 2685 Karolo

110 2709 269 2741 congregati
289 2708 539 2734 confirmaverunt.
647 2708 673 2739 3)
694 2707 803 2740 Syvzocle
830 2715 877 2731 von
900 2706 1018 2739 Lmzyres
1040 2706 1135 2739 (859),
1156 2706 1205 2738 2:91.
1226 2706 1289 2731 oben
1309 2705 1338 2730 S.
1356 2706 1388 2730 70
1404 2705 1438 2730 A.
1453 2705 1477 2730 1.
1581 2706 1608 2735 4)
1629 2704 1682 2729 Die
1704 2703 1757 2728 vim·

109 2752 219 2785 Kapitel
242 2761 293 2778 von
306 2752 426 2786 Quierzy
444 2752 539 2785 (853).
561 2752 617 2785 V9l.
634 2752 699 2777 oben
714 2752 742 2777 S.
759 2752 791 2776 >15
808 2752 842 2776 A.
858 2751 881 2775 21.
991 2752 1018 2781 5)
1040 2750 1115 2775 Decr.
1133 2750 1273 2775 Coelestin.
1297 2759 1317 2775 c.
1332 2749 1356 2776 1,
1380 2749 1471 2774 Codex?
1495 2757 1630 2773 canonum
1654 2747 1754 2780 (1609)

108 2796 135 2820 S.
150 2796 216 2825 406,-
240 2796 392 2822 Hinschius
407 2796 437 2821 S.
452 2796 530 2828 556s.
551 2796 648 2829 (ιλ-Κ
663 2796 741 2825 381).

1772 292 1948 321 859-860.
