2272 3197
290 271 350 299 849
383 270 463 298 ⁷850.

323 316 393 337 110111.
406 317 440 339 11,
451 316 471 335 6.

312 343 381 363 Hebr.
394 343 428 365 10,
438 341 472 361 88.

359 382 408 402 flul.
421 382 440 405 5.
453 382 473 400 6.

328 541 391 560 Prov.
406 540 427 563 3,
438 542 473 559 32.

298 859 317 877 2.
332 857 392 876 Petr.
405 858 424 879 3,
436 858 471 875 16.

278 949 474 973 val.R›om.12.16:

316 975 373 996 1‘1111.
385 977 404 998 2,
415 975 434 995 2.

276 1754 473 1779 vg1.Prov.2e,2s.

331 2165 379 2189 vgl.
390 2165 474 2186 Ezeeh.

364 2192 400 2216 85,
413 2192 447 2211 12.

298 2231 379 2251 Ezech.
391 2231 427 2255 33,
441 2232 474 2251 13.

342 2283 395 2304 Luc,
408 2284 442 2307 15,
456 2285 475 2303 7,

315 2336 396 2357 Matth.
408 2337 443 2360 20,
454 2338 475 2356 4,

297 2389 379 2409 matth.
394 2391 430 2413 11,
441 2390 475 2409 28.

328 2491 381 2511 Luc.
397 2493 428 2515 14,
440 2492 474 2510 24.

495 178 529 205 11ὶ
1064 172 1250 199 HINKMAR
1270 171 1347 196 VON
1370 170 1489 195 REIMS
1511 170 1553 195 37.

489 267 651 299 bonorum
668 266 820 298 omnium
840 265 1097 295 [undamentum
1116 260 1194 292 fides
1211 270 1288 290 vera
1306 261 1367 296 est,
1387 259 1473 289 sicut
1491 258 1655 299 scriptum
1672 261 1737 288 est:
1755 257 1846 288 ‘Sine
1866 256 1928 288 fide
1947 256 2136 299 inpossibile

488 323 537 352 est
555 319 679 361 placere
694 318 773 349 Deo'
793 321 825 348 et
841 317 962 347 ‘iustus
978 318 1092 345 autem
1112 323 1203 344 meus
1220 311 1342 343 ex'fide
1358 311 1466 347 vivit³‚
1485 310 1540 341 illa
1557 309 1720 347 videlicet,
1736 309 1834 350 ‘quae
1852 320 1909 351 per
1926 309 2136 342 dilectionem

489 372 665 414 operatur-².
683 371 769 402 Nam
787 369 891 400 doctis
909 371 943 398 et
961 366 1097 398 eruditis
1116 366 1179 396 ista
1197 363 1343 396 collectio
1364 363 1542 394 necessaria
1563 373 1629 393 non
1646 361 1786 394 habetur
1805 365 1839 393 et
1856 362 2046 394 huiusmodi
2064 363 2135 394 vul-

488 426 572 466 garis
587 424 706 455 locutio
723 422 855 461 indigna
865 420 1040 456 videbitur,
1052 418 1108 460 qui
1124 421 1158 449 et
1173 418 1333 448 insssensu
1349 427 1407 447 suo
1423 415 1544 456 gratias
1553 416 1622 446 Deo
1637 415 1833 447 habundant
1843 418 1877 446 et
1892 419 2023 447 sanctas
2038 416 2135 457 scrip-

488 482 579 509 turas
606 480 704 516 atque
733 477 922 505 sanctorum
951 475 1087 513 patrum
1114 469 1290 502 catholicas
1310 469 1533 511 expositiones
1554 472 1650 499 notas
1670 468 1804 500 habent.
1824 469 1891 500 Vos
1910 472 2036 506 autem,
2057 479 2137 500 cum

488 530 606 571 quibus
623 528 733 559 divina
751 526 912 568 sapientia
931 535 988 566 pro
1007 527 1120 555 sancta
1138 522 1351 564 simplicitate
1368 525 1477 553 vestra
1494 521 1653 563 loquitur,
1673 521 1758 552 sicut
1776 521 1939 563 scriptum
1955 525 2021 553 est:
2037 521 2136 553 ‘Cum

489 581 691 623 simplicibus
718 578 945 610 sermocinatio
971 577 1064 614 eius’,
1091 579 1233 613 tamenn,
1261 575 1421 617 quoniam
1441 574 1600 606 librorum
1619 574 1751 616 copiam
1771 585 1838 605 11011
1856 573 1984 606 habetis
2004 578 2037 605 et
2057 575 2137 605 istas

488 634 644 665 oratorias
658 631 940 673 tergiversationes
955 641 1021 661 non
1035 629 1195 661 didicistis
1210 639 1314 670 neque
1329 627 1451 669 legistis
1463 647 1508 650 —
1521 628 1608 659 unde
1627 627 1654 658 si
1667 627 1785 658 beatus
1800 626 1924 659 Paulus
1943 631 1982 658 ut
1998 638 2136 668 magnus

488 691 595 718 orator
611 686 643 717 in
660 685 727 716 suis
741 684 889 726 epistolis
903 683 1111 725 quaestiones
1127 682 1283 724 proponit
1298 685 1331 712 et
1347 681 1440 712 nobis
1456 680 1554 712 solvit
1569 684 1603 712 et
1617 680 1734 712 beatus
1747 681 1971 721 Augustinus⁰
1985 691 2022 712 30
2037 680 2136 712 ceteri

487 741 632 771 doctores
663 741 777 769 contra
803 737 960 768 hereticos
987 738 1173 778 pugnantes
1199 734 1366 766 dialectice
1393 738 1473 765 sunt
1499 733 1618 766 locuti:
1650 744 1735 775 quae
1763 734 1873 765 minus
1900 733 2135 774 intellegentes,

486 792 616 834 qnando
638 790 870 833 percontandO,
885 790 1017 831 quando
1038 788 1246 825 intentando,
1261 787 1393 829 quando
1415 786 1569 818 solvendo
1590 786 1694 818 locuti
1714 790 1804 824 sunt,
1827 786 2033 828 ‘depravant’
2054 786 2136 818 bene

487 846 573 877 dicta
583 845 637 876 ‘ad
652 855 746 875 suam
761 844 909 885 ipsorum
920 841 1162 884 perditionem’,
1174 841 1260 872 sicut
1272 840 1390 872 beatus
1399 840 1517 871 Petrus
1530 839 1701 882 apostolus
1710 840 1749 871 de
1764 839 1911 881 epistolis
1925 839 2032 871 sancti
2041 839 2137 871 Pauli

487 898 622 939 loquens
642 897 722 928 dicit
737 915 791 934 —‚
811 899 920 927 tenete
941 895 1041 926 istam
1060 893 1279 936 capitularem
1298 893 1433 925 brevem
1453 897 1487 924 et
1506 892 1704 925 catholicam
1723 892 1961 924 collectionem.
1980 892 2076 925 Unde
2096 903 2137 923 ex

488 950 671 983 multorum
695 953 831 992 patrum
853 949 950 980 dictis
982 947 1088 980 multa
1112 947 1218 988 colligi
1243 950 1408 988 poterant.
1434 946 1497 979 Sed
1521 946 1599 988 quia
1623 946 1656 977 id
1680 946 1793 988 ipsum
1816 956 1931 978 omnes
1955 946 2136 977 secundum

485 1003 675 1046 apostolum
689 1003 839 1034 sentiunt
852 1006 885 1033 et
898 1002 1025 1038 dicunt,
1039 1012 1124 1042 quae
1136 1000 1277 1032 breviter
1289 999 1383 1031 vobis
1396 1010 1438 1031 ex
1452 1010 1635 1041 paucorum
1649 999 1783 1031 nomine
1794 1017 1839 1022 —
1850 999 2014 1040 quaedam
2028 1009 2136 1036 sensu,

483 1057 646 1098 quaedam
667 1056 774 1087 verbis
794 1055 835 1087 ab
857 1055 979 1086 eisdem
1001 1053 1161 1096 expressis
1181 1073 1225 1076 —
1245 1052 1380 1098 collecta
1403 1056 1493 1090 sunt,
1517 1064 1576 1096 pro
1599 1052 1842 1085 sufficientibus
1861 1052 2026 1084 habetote.

1291 1257 1322 1288 b.

578 1321 686 1354 Haecl
704 1321 808 1358 vobis,
829 1320 1010 1352 dulcissimi
1032 1319 1100 1358 filii,
1123 1323 1256 1361 propter
1277 1322 1467 1361 susceptam
1488 1318 1661 1361 pastoralis
1680 1329 1777 1350 curae
1797 1317 2064 1356 sollicitudinem,
2085 1329 2135 1349 ca-

486 1375 605 1406 rissimi
632 1374 758 1411 fratres,
786 1377 920 1416 propter
944 1372 1128 1405 dilectionis
1153 1376 1280 1404 vestrae
1306 1371 1515 1404 dulcedinem
1540 1375 1584 1410 et,
1610 1370 1811 1403 venerabiles
1836 1371 1974 1409 domini,
2002 1374 2137 1414 propter

486 1427 672 1459 sanctitatis
695 1430 822 1458 vestrae
848 1427 1064 1468 praecipuum
1085 1426 1242 1458 meritum
1267 1436 1308 1456 ex
1333 1429 1525 1457 sanctorum
1551 1429 1687 1467 patrum
1711 1424 1899 1456 latissimis‘¹
1924 1424 2135 1466 expositioni-

484 1479 569 1512 busd
586 1479 733 1521 colligere
752 1480 875 1517 studui,
893 1490 1118 1516 commonens,
1136 1483 1174 1510 ut
1195 1479 1327 1520 quando
1347 1477 1445 1510 libros
1462 1478 1711 1520 expositionum
1728 1489 1747 1509 a
1764 1477 1933 1509 catholicis
1949 1477 2137 1509 doctoribus

485 1534 650 1565 confectos
668 1537 701 1564 et
718 1536 832 1564 contra
849 1533 1067 1564 hereticorum
1077 1536 1273 1573 argumenta
1284 1532 1494 1574 disputantes
1505 1531 1641 1572 legitise,
1653 1531 1790 1562 sollicite
1800 1530 1993 1568 attendatis,
2004 1530 2135 1572 quando

485 1586 623 1627 quisque
644 1586 757 1617 doctor
779 1597 837 1617 sua
858 1585 956 1617 verba
978 1585 1068 1623 dicit,
1091 1585 1222 1627 quando
1245 1585 1503 1626 tergiversatoris
1524 1584 1658 1616 callidas
1680 1584 1931 1626 propositiones,
1954 1587 1993 1615 ut
2014 1594 2068 1615 eas
2089 1595 2135 1614 re-

486 1639 609 1676 vincat,
627 1639 694 1670 suis
710 1638 972 1680 expositionibus
988 1638 1192 1670 intermiscet
1207 1642 1242 1670 et
1256 1648 1340 1679 quae
1357 1638 1553 1669 intentando
1571 1642 1605 1669 et
1619 1648 1704 1679 quae
1721 1637 1899 1669 resistendo
1916 1640 1950 1668 et
1965 1647 2049 1678 quae
2066 1647 2135 1678 per-

487 1692 650 1723 contando
661 1696 695 1722 et
704 1702 787 1733 quae
797 1691 1000 1723 adfirmando
1013 1692 1177 1733 [quisque]
1188 1691 1238 1722 vir
1248 1691 1429 1723 catholicus
1438 1691 1529 1728 dicit,
1541 1695 1576 1722 et
1590 1701 1630 1722 ne
1645 1691 1773 1728 statim,
1786 1694 1825 1722 ut
1839 1690 1874 1722 in
1887 1689 2024 1732 aliqua‘,
2035 1697 2136 1731 quae!

490 1748 561 1786 11018
571 1748 621 1775 osss
631 1745 858 1786 serpentinum
870 1749 904 1776 et
915 1744 1080 1776 lubricum
1092 1744 1256 1776 insibilare
1268 1744 1401 1782 auditis,
1411 1743 1635 1786 perveneritis,
1645 1743 1833 1775 subsistatis
1845 1747 1879 1775 et
1890 1743 2011 1775 mentis
2021 1743 2137 1785 pedem

489 1797 534 1829 ibi
554 1797 670 1838 figatis,
690 1799 767 1839 quia
788 1797 964 1839 multiplex
984 1798 1120 1839 spiritus
1139 1809 1196 1839 per
1213 1801 1326 1829 artum
1345 1801 1379 1828 et
1397 1797 1481 1829 exile
1499 1808 1662 1838 organum
1679 1797 1823 1828 hominis
1842 1800 1955 1828 totum
1975 1807 2040 1828 una
2058 1807 2136 1828 voce

490 1861 555 1881 non
572 1851 695 1892 profert
708 1855 742 1882 et
755 1851 851 1882 homo
867 1851 955 1892 quod
970 1851 1072 1882 sentit
1087 1850 1224 1882 insimul
1237 1851 1341 1882 dicere
1357 1850 1472 1892 nequit
1480 1848 1507 1888 ¹¹,
1519 1851 1605 1882 sicut
1620 1861 1677 1881 nec
1692 1850 1783 1881 viam
1797 1850 1925 1881 itineris
1938 1850 2013 1891 quis
2028 1853 2135 1892 potest

490 1903 661 1944 explicare,
677 1904 739 1935 nisi
751 1903 912 1944 gressibus
927 1904 1058 1935 studeat
1071 1904 1212 1945 carpere}
1225 1904 1313 1935 Nam
1327 1904 1428 1935 etiam
1441 1914 1520 1935 cum
1533 1904 1573 1935 de
1585 1903 1767 1934 virtutibus
1780 1903 1929 1934 doctores
1942 1902 2134 1945 loquuntur,

491 1956 535 1987 sic
554 1967 618 1987 una
631 1957 738 1987 virtus
754 1967 773 1988 a
790 1960 902 1988 sancto
920 1957 1039 1998 spiritu
1055 1968 1111 1998 per
1126 1967 1180 1988 eos
1196 1956 1362 1994 laudatur,
1377 1967 1414 1988 ac
1430 1957 1456 1987 si
1472 1956 1536 1988 alia
1550 1956 1658 1988 virtus
1671 1956 1791 1988 virtuti
1808 1955 1854 1986 illi
1869 1956 2053 1997 comparari
2070 1966 2135 1986 non

492 2009 604 2050 possit.
617 2009 701 2040 Cum
714 2013 828 2041 autem
842 2009 905 2041 alia
919 2009 1045 2041 laudari
1060 2010 1228 2051 incipitur,
1240 2010 1288 2041 ita
1301 2009 1454 2041 laudibus
1468 2010 1614 2047 effertur,
1624 2020 1661 2041 ac
1677 2009 1703 2040 si
1717 2009 1781 2040 alia
1795 2008 1929 2040 laudata
1945 2019 2011 2040 non
2025 2009 2134 2040 fuerit.

490 2061 648 2093 Similiter
662 2066 695 2093 et
708 2062 743 2093 in
756 2063 915 2094 vitiorum
928 2062 1195 2094 abhominatione
1208 2063 1328 2104 agitur,
1345 2066 1383 2094 ut
1398 2073 1490 2094 mens
1505 2066 1628 2100 nostra,
1642 2062 1720 2103 quia
1735 2072 1830 2093 nemo
1846 2065 1980 2103 repente
1994 2061 2033 2092 fit
2047 2072 2134 2093 sum·

492 2126 575 2151 mus,
600 2115 839 2156 pedetemptim
859 2115 901 2146 ad
922 2115 1135 2147 aemulandas
1156 2115 1297 2146 virtutes
1320 2120 1514 2157 provocetur
1536 2119 1569 2147 et
1589 2116 1631 2147 ad
1652 2115 1734 2147 vitia
1756 2114 1949 2146 declinanda
1970 2115 2134 2152 hortetur;

491 2168 656 2198 stantibus
678 2168 767 2199 enim
789 2168 968 2200 auctoritas
990 2169 1102 2200 divina
1126 2169 1283 2206 minatur,
1308 2180 1348 2200 ne
1370 2169 1502 2206 cadant,
1526 2169 1651 2200 dicens:
1681 2168 1722 2199 In
1744 2178 1953 2209 quacumque
1975 2168 2027 2199 die
2055 2167 2133 2199 ceci—

490 2220 574 2251 derit
594 2221 711 2257 iustus,
731 2220 858 2252 ‘omnes
878 2221 1023 2252 iustitiae
1043 2222 1113 2252 eius
1126 2221 1283 2252 oblivioni
1302 2221 1485 2253 tradentur’
1501 2232 1613 2253 coram
1634 2232 1696 2258 me,
1717 2221 1798 2252 dicit
1815 2221 1990 2252 Dominus.
2012 2221 2135 2262 Lapsos

490 2273 651 2310 hortatur,
674 2277 712 2304 ut
732 2278 879 2314 surgant,
900 2274 1025 2305 dicens:
1052 2273 1233 2306 ‘Gaudium
1254 2278 1304 2306 est
1324 2285 1421 2316 super
1443 2285 1508 2305 uno
1532 2278 1700 2316 peccatore
1722 2273 1963 2315 poenitentiam
1983 2273 2133 2314 agente1'.

490 2326 647 2357 Nondum
669 2330 802 2357 vocatos
827 2327 1050 2368 piissimarum
1074 2327 1329 2369 promissionum
1354 2327 1617 2359 remuneratione
1641 2327 1763 2358 invitat
1786 2327 1911 2358 dicens:
1934 2326 1998 2357 ‘Ite
2021 2330 2056 2358 et
2077 2337 2134 2357 vos

492 2378 526 2410 in
545 2379 687 2416 vineam,
714 2383 748 2410 et
765 2379 853 2420 quod
872 2379 999 2411 iustum
1019 2380 1118 2410 fuerit
1137 2380 1219 2411 dabo
1237 2380 1340 2411 vobis’
1361 2384 1409 2411 et:
1428 2380 1557 2411 ‘Venite
1575 2380 1617 2411 ad
1638 2391 1690 2411 me
1708 2391 1832 2417 omnes,
1853 2380 1910 2420 qui
1928 2379 2084 2411 laboratis
2102 2384 2133 2410 01

490 2432 616 2462 onerati
635 2432 723 2469 estis,
744 2436 778 2462 et
796 2443 852 2473 ego
872 2431 1016 2463 reficiam
1035 2433 1116 2463 vos’.
1135 2433 1276 2464 Vocatos
1294 2436 1408 2464 autem
1428 2437 1461 2464 et
1479 2433 1519 2464 de
1538 2433 1709 2464 vocatione
1730 2436 1976 2474 praesumentes
1995 2433 2135 2464 deterret

491 2484 615 2516 dicens:
634 2484 724 2516 ‘Dico
743 2484 846 2522 vobis,
862 2485 1019 2525 quoniam
1040 2496 1134 2516 nemo
1153 2485 1299 2516 virorum
1319 2485 1461 2523 illorum,
1481 2486 1557 2527 quik
1575 2483 1706 2517 vocatik
1725 2489 1814 2522 sunt,
1833 2485 1981 2526 gustabit
1998 2496 2131 2517 caenam

575 2584 599 2611 τι)
618 2583 625 2605 i
647 2582 709 2606 verb.
735 2583 764 2605 Β.
876 2582 899 2611 ¹¹)
918 2583 1029 2606 teneatis
1059 2583 1121 2606 verb.
1149 2583 1241 2607 (dandi.
1343 2586 1366 2613 0)
1385 2585 1521 2614 agustinus
1552 2584 1582 2607 Β.
1687 2582 1711 2613 ¹¹)
1730 2584 1869 2607 latissimas
1897 2585 2073 2615 expositiones
2104 2585 2134 2608 B.

488 2630 510 2654 ⁹³)
530 2626 591 2656 legis
608 2626 639 2649 Β,
735 2625 754 2655 f)
773 2626 860 2657 aliquo
885 2626 945 2650 verb.
961 2627 1052 2650 szdl.
1149 2630 1171 2657 ἕ)
1190 2634 1240 2660 que
1257 2635 1332 2658 pores
1351 2627 1383 2654 B‚·
1405 2635 1482 2659 vepre
1506 2627 1569 2651 verb.
1585 2628 1675 2651 Gwrdl.
1771 2626 1795 2657 ἢ)
1814 2629 1891 2658 nequi
1910 2628 1940 2652 B.
2025 2626 2044 2658 1)
2062 2636 2075 2652 0
2092 2636 2134 2652 am

488 2670 557 2693 E'nde
574 2670 627 2694 rad.
648 2670 678 2693 Β.
765 2669 790 2700 k)
810 2672 853 2701 qui
872 2678 945 2694 voca-
963 2670 1009 2700 aus
1028 2671 1087 2694 Rae.
1109 2671 1139 2694 B.

583 2758 605 2787 l)
627 2757 695 2781 Hier
711 2757 816 2788 heyinn!
833 2757 877 2782 der
894 2757 1042 2789 Schlusstcil
1059 2757 1103 2781 dtr
1121 2757 1228 2789 S'elcrifl.

2161 745 2188 764 10

2163 1011 2189 1030 15

2162 1490 2189 1509 20

2161 1756 2188 1775 25

2161 2021 2188 2040 30

2160 2287 2187 2306 35

2160 2588 2187 2607 40
