2220 3192
48 808 76 828 10

47 1074 75 1094 15

51 1339 78 1358 20

49 1604 77 1624 25

49 1871 77 1890 30

49 2135 76 2156 35

49 2402 76 2420 40

48 2684 75 2702 45

660 234 846 260 HINKMAR
866 234 943 261 VON
966 234 1084 260 REIMS
1107 236 1165 261 169.
1681 232 1738 260 151

99 326 133 354 et
151 323 292 353 fratrum
310 332 465 363 spernens
483 322 624 362 qualiter
642 323 680 354 de
698 324 794 354 certis
812 323 976 364 capitulis,
999 324 1082 354 unde
1101 323 1183 355 sacri
1200 334 1340 355 canones
1358 333 1511 364 expressa
1530 323 1743 353 decreverunt
1768 325 1841 354 864.

99 375 228 412 iudicia,
253 374 415 406 iudicatus
439 370 688 406 lacrimantibus
710 387 781 417 rege
803 380 837 407 et
858 377 1018 418 episcopis
1040 377 1150 407 durior
1173 387 1251 407 saxo
1274 376 1468 413 recesseritss‚
1492 379 1650 417 putarent
1673 386 1742 412 1105,

98 429 155 470 qui
172 438 250 459 eum
266 428 448 458 secundum
465 438 570 459 sacros
586 439 738 465 canones,
757 429 842 460 sicut
859 440 912 460 eos
929 429 1163 467 intelleximus,
1182 430 1400 460 iudicavimus
1418 432 1451 460 et
1469 432 1592 470 postea,
1619 432 1657 460 ut
1680 429 1744 470 ipsi

100 481 308 523 praecipiunt
326 491 477 517 canones,
495 491 550 522 per
569 482 801 523 coepiscopum
821 486 982 519 nostrum,
1003 483 1060 523 qui
1080 483 1204 514 eidemb
1224 483 1343 514 iudicio
1364 482 1527 519 interfuit,
1550 482 1640 523 prius
1660 481 1743 512 iudi-

99 535 189 566 cium
207 537 358 564 nostrum
375 533 413 564 de
431 544 467 564 eo
486 534 601 564 referre
619 538 652 564 et
671 546 757 565 nunc
777 535 872 566 illum
889 536 1000 577 ipsum
1017 547 1094 566 cum
1113 536 1231 566 nostris
1249 535 1366 566 litteris
1383 539 1483 576 atque
1501 535 1640 572 vicariis
1659 535 1744 566 sicut

99 587 251 624 iussistis,
266 587 308 617 ad
322 585 538 627 apostolicam
553 587 672 623 sedem,
688 598 772 628 quae
788 592 940 629 paternos
954 599 1094 619 canones
1109 589 1282 619 servandos
1297 588 1472 620 confirmat
1486 592 1519 619 et
1533 588 1744 619 confirmatos

100 651 136 672 ac
158 640 374 671 observandos
396 650 455 670 sua
477 639 701 671 observatione
723 641 937 679 demonstrat,
960 642 1093 682 dirigere
1115 642 1373 683 procuravimus,
1396 642 1434 672 de
1456 645 1580 672 vestrae
1602 641 1743 672 auctori-

100 693 180 724 tatis
197 692 325 724 iustitia
343 696 376 723 et
393 693 569 733 aequitatis
588 692 758 724 libramine
776 694 925 725 dubitare
943 698 976 725 et
993 694 1074 731 ideo,
1095 698 1133 725 ut
1150 705 1182 725 se
1199 695 1415 732 concrederet,
1434 694 1606 725 1006110111ρ
1625 695 1653 725 61
1672 705 1743 735 pro-

103 747 243 783 mittere,
261 746 369 786 sicque
387 756 445 776 nos
464 749 500 776 ut
516 745 647 776 insanos
666 747 779 777 merito
796 747 1000 778 denotarent.
1019 748 1103 778 Cum
1118 747 1229 784 etiam,
1246 748 1272 778 si
1289 747 1357 778 fieri
1374 751 1492 788 posset,
1510 749 1615 788 quodd
1631 747 1671 778 ab
1688 747 1743 779 illa

101 800 207 841 prima
224 803 258 829 et
274 802 387 830 sancta
405 799 477 829 sede
494 805 550 829 ac‘³
574 810 703 830 summo
727 800 915 840 apostolatu
931 804 1037 831 vestro
1056 800 1202 831 fiendum
1220 812 1285 831 non
1301 801 1454 837 creditur,
1474 805 1511 831 ut
1528 800 1602 832 talis
1618 812 1636 831 a
1653 801 1744 831 vobis

99 853 249 894 cognitus
268 852 442 883 restitutus
461 852 496 882 in
514 852 624 882 ordine
645 853 842 889 nominetur,
863 853 953 885 nulla
971 854 1009 884 de
1028 857 1132 884 cetero
1153 853 1244 884 nobis
1262 854 1460 884 conscientia
1479 854 1517 884 de
1536 854 1597 884 sibi
1615 865 1634 884 a
1652 853 1744 885 vobis

99 905 283 937 commissis
300 904 474 936 animabus
492 909 576 935 esset
594 905 787 946 periculum.
806 905 850 936 Et
866 917 943 937 cum
961 917 1074 937 omnes
1091 907 1126 937 in
1144 907 1215 937 istis
1233 906 1416 947 regionibus
1435 907 1550 944 sciant,
1570 918 1672 948 quam
1691 918 1744 938 ne-

100 958 227 1000 glegens
245 962 279 989 et
296 961 505 999 contemptor
524 969 690 989 sacrorum
708 970 875 990 canonum
893 964 926 990 et
944 960 1103 1000 quamdiu
1121 970 1287 1000 quamque
1307 961 1470 1001 patienter
1488 964 1588 1000 atque
1606 960 1743 1001 benigne

101 1012 200 1042 fuerit
216 1011 374 1042 toleratus
391 1015 424 1042 et
440 1022 458 1041 a
475 1021 577 1051 quam
594 1011 717 1048 invitis,
736 1012 812 1052 quia
830 1024 861 1042 se
878 1013 1031 1053 corrigere
1050 1012 1167 1049 noluit,
1185 1013 1366 1044 secundum
1383 1024 1488 1043 sacras
1506 1013 1641 1053 regulas,
1659 1013 1744 1044 sicut

100 1076 154 1096 eas
174 1064 408 1101 intelleximus,
426 1064 538 1094 fuerit¹
560 1064 734 1101 iudicatus,
758 1064 882 1096 nullam
903 1065 1016 1096 habere
1039 1077 1207 1106 possemus
1227 1066 1457 1098 verecundiam
1477 1066 1515 1096 de
1537 1066 1743 1097 restitutione

100 1117 198 1155 illius,
213 1118 239 1148 si
254 1118 337 1148 foret
350 1118 437 1148 facta
451 1128 469 1148 a
483 1118 583 1148 vestri
597 1118 718 1148 summi
734 1118 945 1158 pontificatus
960 1122 1137 1159 potestate;
1151 1119 1228 1159 quia
1241 1130 1354 1149 omnes
1368 1130 1458 1150 senes
1472 1129 1549 1149 cum
1564 1119 1744 1150 iunioribus

101 1171 221 1202 scimus
238 1174 364 1201 nostras
380 1170 528 1201 ecclesias
544 1170 691 1201 subditas
707 1182 773 1201 esse
790 1171 956 1202 Romanae
973 1172 1122 1203 ecclesiae
1138 1176 1171 1202 et
1188 1183 1244 1202 1105
1260 1172 1428 1213 episcopos
1444 1172 1478 1202 in
1495 1172 1641 1213 primatu
1656 1172 1744 1203 beati

101 1224 189 1256 Petri
206 1224 366 1255 subiectos
382 1234 448 1254 esse
464 1223 612 1254 Romano
631 1223 790 1264 pontifici,
807 1228 839 1254 et
854 1224 894 1255 ob
911 1225 943 1255 id
959 1224 1047 1255 salva
1064 1224 1135 1261 fide,
1152 1235 1235 1265 quae
1252 1225 1286 1255 in
1301 1225 1432 1256 ecclesia
1448 1236 1575 1266 semper
1590 1226 1696 1266 viguit
1711 1229 1744 1256 et

100 1277 242 1309 Domino
263 1281 456 1318 cooperante
473 1276 609 1313 florebit,
628 1277 718 1308 nobis
739 1282 788 1307 est
808 1282 931 1308 vestrae
952 1278 1146 1319 apostolicae
1166 1278 1356 1309 auctoritati
1376 1278 1624 1309 oboediendum.
1644 1278 1744 1309 Nobis

101 1331 223 1372 quippe
250 1341 328 1362 cum
355 1329 426 1361 aliis
447 1329 629 1370 quibusque
651 1331 811 1371 scriptum
831 1335 908 1365 estss,
930 1329 1024 1371 quiah
1053 1330 1156 1361 ‘Iesus
1176 1335 1245 1362 erat
1265 1331 1415 1362 subditus
1438 1331 1626 1372 parentibus
1648 1331 1742 1369 suis'3
1756 1338 1810 1358 Luc.
1822 1339 1843 1362 2,
1854 1339 1890 1358 51·

102 1383 258 1425 nobisque
273 1384 353 1414 item
368 1384 529 1424 scriptum
544 1382 631 1414 esth:
651 1383 820 1415 ‘Oboedite
838 1384 1028 1424 praepositis
1043 1385 1158 1415 vestris
1177 1388 1209 1415 et
1229 1383 1390 1415 subiacete
1409 1385 1482 1422 eis'3
1502 1389 1549 1415 et:
1569 1384 1668 1415 ‘Nihil
1688 1395 1743 1426 per
1758 1391 1828 1412 Hebr·
1840 1392 1875 1416 13,
1887 1393 1923 1412 17-

101 1437 347 1468 contentionem
365 1447 468 1477 neque
485 1447 541 1478 per
556 1437 689 1467 inanem
705 1437 867 1477 gloriam';
884 1441 931 1468 et:
947 1437 1002 1468 ‘Et
1018 1437 1043 1467 si
1059 1437 1131 1477 quis
1147 1437 1219 1468 vult
1234 1437 1458 1468 contentiosus
1474 1448 1551 1471 esse.
1570 1449 1626 1468 nos
1643 1437 1743 1469 talem
1756 1444 1815 1465 Phil·
1827 1446 1848 1469 2,
1859 1445 1879 1466 3.

101 1490 373 1522 consuetudinem
394 1501 458 1520 non
478 1489 636 1520 habemus
657 1501 758 1531 neque
778 1490 909 1520 ecclesia
928 1490 1010 1521 Dei'.
1033 1490 1205 1531 Propterea
1226 1489 1354 1521 locutus
1372 1501 1449 1521 cum
1469 1489 1654 1522 fidelissimo
1675 1490 1739 1521 filio
1756 1498 1927 1524 1.Cor.11,16.

100 1547 219 1581 vestro,
237 1544 357 1574 domno
378 1554 448 1574 meo
466 1554 537 1584 rege
554 1543 702 1583 glorioso,
721 1542 766 1574 illi
786 1542 947 1584 replicavi,
965 1544 1051 1583 quod
1071 1554 1163 1584 saepe
1182 1543 1344 1574 inculcavi
1361 1544 1512 1584 quodque
1531 1543 1743 1575 libentissime

101 1597 227 1638 accepit
243 1600 276 1628 et
292 1596 469 1637 adimplere
486 1597 591 1637 cupit,
609 1597 698 1637 quia,
717 1597 802 1627 sicut
818 1596 963 1627 ‘Domini
981 1600 1029 1626 est
1047 1600 1130 1627 terra
1147 1600 1180 1627 et
1198 1596 1366 1637 plenitudo
1384 1597 1463 1630 eius,
1481 1596 1566 1627 orbis
1583 1601 1744 1628 terrarum
1760 1603 1874 1628 Ps-23.1-

101 1654 133 1681 et
154 1650 305 1687 universi,
326 1650 382 1691 qui
402 1649 554 1680 habitant
574 1650 608 1680 in
627 1649 687 1686 eo',
708 1653 740 1680 et
760 1650 862 1690 ipsius
881 1654 931 1680 est
950 1660 1085 1690 regnum
1105 1654 1137 1680 et
1155 1650 1208 1680 cui
1227 1649 1367 1680 voluerit
1385 1650 1477 1680 dabit
1496 1649 1587 1686 illud,
1608 1650 1655 1680 ita
1674 1650 1742 1691 ipse
1758 1657 1807 1681 Vel.
1826 1658 1907 1683 Ps.21,
1919 1659 1955 1679 29.

101 1714 199 1745 supra
215 1704 473 1734 fundamentum
488 1702 684 1744 apostolicae
702 1707 811 1744 petrae
827 1714 923 1734 suam
939 1703 1091 1733 fundavit
1106 1702 1283 1739 ecclesiam,
1300 1713 1401 1743 quarn
1417 1707 1450 1733 et
1465 1707 1542 1733 ante
1559 1704 1743 1744 passionem
1759 1696 1909 1748 vgihiiffitth.

100 1760 133 1788 et
150 1760 224 1798 post
240 1757 508 1787 resurrectionem
525 1767 620 1787 suam
637 1755 767 1797 speciali
783 1767 860 1786 cura
877 1760 910 1786 et
926 1755 1080 1796 singulari
1099 1755 1264 1796 privilegio
1280 1755 1375 1786 beato
1394 1756 1489 1786 Petro
1506 1760 1539 1787 et
1555 1756 1590 1787 in
1606 1756 1660 1787 illo
1677 1757 1743 1787 suis

99 1810 266 1841 commisit
282 1810 421 1840 vicariis.
441 1810 541 1841 Cuius
558 1810 668 1840 sedem
685 1820 825 1850 suaeque
843 1809 925 1840 sedis
944 1809 1133 1849 pontificem
1150 1809 1206 1849 qui
1224 1809 1372 1845 honorat,
1392 1809 1487 1839 illum
1503 1809 1651 1846 honorat,
1669 1807 1742 1850 quii

101 1863 201 1894 dixit:
222 1863 305 1900 ‘Qui
325 1863 445 1904 accipit
465 1863 491 1894 si
511 1873 611 1903 quem
634 1863 759 1899 misero,
784 1874 832 1893 me
852 1862 999 1903 accipit'3
1020 1866 1053 1892 et
1072 1861 1112 1892 ab
1134 1863 1202 1902 ipso
1224 1862 1435 1892 honorabitur
1455 1862 1597 1893 dicente:
1618 1862 1742 1893 ‘Hono-
1759 1869 1901 1895 Iob-13,20.

100 1920 211 1948 rantes
234 1927 284 1947 me
306 1915 536 1952 honorificabo,
559 1920 592 1946 ct
612 1916 669 1956 qui
690 1919 934 1956 contempnunt
957 1926 1006 1946 me
1028 1919 1125 1945 erunt
1146 1914 1323 1955 ignobiles'.
1758 1923 1845 1947 1.Reg.
1857 1924 1877 1948 2,
1888 1924 1924 1945 30.

173 1970 295 2001 Idcirco
311 1970 387 2010 quia
406 1969 503 2000 multi
518 1970 638 2005 sciunt,
655 1969 795 2010 qualiter
811 1980 841 1999 se
858 1969 999 1999 Rothadi
1015 1967 1201 1999 reclamatio
1218 1968 1345 2003 habeat,
1362 1972 1395 1998 et
1410 1968 1545 2008 quidam
1561 1968 1634 1998 inde
1650 1968 1744 1998 aliter

100 2022 216 2053 dicunt
234 2026 267 2054 et
286 2034 399 2053 omnes
418 2022 610 2063 generaliter
629 2023 748 2058 sciunt,
769 2022 926 2062 quoniam
944 2025 1051 2052 vestra
1070 2021 1249 2052 auctoritas
1269 2020 1363 2051 illum
1382 2031 1459 2051 cum
1479 2021 1597 2051 nostris
1615 2021 1743 2052 vicariis

100 2076 140 2106 ad
157 2087 255 2106 suum
271 2076 437 2117 praecepit
453 2076 609 2106 destinari
625 2076 794 2112 iudicium,
811 2075 947 2115 (lignum
963 2079 996 2105 et
1012 2074 1138 2105 iustum
1154 2079 1213 2111 est,
1232 2078 1279 2111 ut,
1295 2085 1537 2114 quemcumque
1553 2074 1743 2115 episcopum

99 2128 270 2160 Romanus
289 2130 439 2170 pontifex
455 2129 495 2159 ad
513 2140 544 2159 se
562 2129 705 2160 Romam
721 2129 829 2159 venire
850 2128 1063 2163 mandaverit,
1081 2127 1107 2158 si
1124 2126 1300 2158 infirmitas
1316 2127 1366 2157 vel
1383 2131 1502 2164 gravior
1518 2138 1743 2168 quaecumque

100 2187 261 2212 necessitas
277 2182 329 2213 vel
347 2182 604 2223 impossibilitas,
621 2183 705 2213 sicut
721 2182 800 2212 sacri
819 2180 1003 2222 praefigunt
1020 2181 1188 2217 canones²‚
1207 2191 1283 2210 eum
1303 2191 1367 2210 non
1385 2180 1573 2217 detinuerit,
1591 2181 1631 2210 ad
1650 2180 1744 2211 illum

99 2236 208 2266 venire
227 2236 375 2273 studeat;
396 2235 500 2266 multo
522 2235 622 2276 magis
641 2236 741 2265 etiam
759 2235 796 2271 is,
815 2245 913 2274 quem
933 2245 989 2275 pro
1008 2233 1066 2264 tali
1084 2233 1214 2274 querela
1231 2234 1272 2264 ad
1290 2244 1322 2264 se
1340 2244 1548 2274 quocumque
1569 2234 1663 2264 modo
1681 2233 1743 2264 cla-

101 2292 248 2320 mantem
267 2289 467 2330 praesentiac
485 2300 561 2320 suae
580 2286 725 2319 indicatk
748 2288 979 2318 exhibendum.
997 2286 1041 2317 Et
1057 2287 1270 2327 quicumquel
1286 2287 1405 2317 viderit
1420 2286 1472 2317 Vel
1488 2286 1639 2322 audierit,
1657 2287 1742 2327 quod

98 2352 157 2372 rex
176 2346 209 2372 et
230 2342 373 2383 episcopi
393 2342 589 2383 apostolicae
612 2342 694 2372 sedis
715 2351 883 2371 summum
906 2339 1095 2381 pontificem
1112 2344 1295 2380 prompte111
1314 2339 1497 2370 obaudiunt
1517 2343 1550 2370 et
1570 2339 1742 2376 honorant,

100 2395 286 2436 promptius
305 2400 338 2426 et
356 2395 513 2427 humilius
532 2396 576 2426 eis
596 2396 670 2425 suin
685 2394 845 2425 subiectin
858 2393 1041 2424 oboedient.
1060 2393 1157 2429 Nam,
1171 2397 1207 2423 ut
1225 2393 1340 2424 beatus
1352 2392 1522 2433 Gregorius
1537 2393 1616 2423 dicit
1624 2393 1648 2429 2,
1660 2393 1744 2424 sicut

99 2451 250 2485 languente
273 2453 366 2485 capite
389 2449 531 2478 :nbi-”ctu
557 2452 681 2477 membra
704 2452 846 2476 incassum
869 2451 976 2483 vigent,
998 2447 1045 2476 ita
1066 2446 1166 2486 gloria
1187 2450 1220 2476 et
1240 2446 1359 2476 honore
1380 2449 1545 2481 coronam,
1568 2446 1599 2476 id
1620 2450 1669 2476 est
1689 2446 1743 2476 ho-

101 2501 270 2532 norificato
294 2513 330 2532 ac
355 2503 504 2532 decorato
529 2502 635 2542 eapite
661 2501 805 2531 subiecta
832 2499 975 2530 membra
999 2499 1068 2529 eius
1091 2499 1210 2529 honore
1235 2503 1333 2539 atque
1357 2499 1468 2530 decore
1493 2499 1676 2539 fulgebunt.
1700 2499 1744 2529 Et

183 2592 207 2618 a)
221 2591 325 2613 16((·5511Ἰ
341 2589 380 2614 1⁰.
475 2589 498 2619 n)
516 2590 631 2613 eiusdem
650 2591 672 2612 1.
767 2591 789 2617 ⁰)
808 2589 930 2611 iocarium
950 2590 972 2611 1.
1068 2586 1092 2617 d)
1111 2591 1135 2611 et
1161 2588 1230 2618 quod
1249 2589 1272 2612 3.
1366 2589 1390 2617 ω)
1406 2588 1476 2612 Fehlt
1498 2590 1521 2613 2.
1623 2586 1641 2617 ¹⁷)
1660 2588 1743 2611 fuerat

98 2633 146 2658 SS.
159 2633 244 2658 XIII.
339 2637 361 2664 g)
382 2638 437 2657 erat
451 2635 474 2658 2.
567 2633 591 2663 h)
613 2633 764 2663 Umqestellt:
784 2632 908 2663 nobisque
927 2633 989 2655 iton]
1002 2633 1127 2662 scriptum
1146 2635 1192 2656 est.
1207 2633 1268 2662 quia
1285 2631 1368 2655 ‘Iesus
1386 2635 1439 2655 erat
1460 2632 1580 2655 subditus
1593 2631 1744 2662 parentibus

99 2676 159 2701 suis'
180 2679 202 2701 1.
288 2676 306 2707 ¹)
325 2678 395 2708 quod
416 2679 474 2709 (ron
493 2679 607 2709 jiinqerer
626 2678 704 2701 Hand
721 2677 781 2707 qui)
802 2678 823 2700 1.
910 2674 936 2705 k)
955 2675 1053 2699 iudicat
1073 2674 1111 2699 1¹³.
1196 2674 1214 2706 l)
1235 2676 1416 2707 quodcumque
1436 2678 1458 2699 1.
1545 2678 1577 2705 111)
1596 2679 1700 2706 propter
1720 2677 1742 2698 Ι.

100 2723 125 2751 Π)
144 2722 252 2745 subiecti
270 2723 308 2745 sui
326 2723 349 2747 2.
362 2723 385 2746 3.

191 2783 283 2815 l)1⁷9l.
299 2791 370 2808 conc.
390 2784 514 2816 African.
538 2792 558 2808 c.
574 2784 616 2812 43,
641 2782 731 2807 Codri:
753 2790 887 2807 canonum
906 2780 1006 2813 (1009)
1026 2781 1053 2805 S.
1068 2780 1133 2810 223&
1158 2781 1310 2806 Hinsclm‘as
1330 2781 1358 2806 S.
1372 2781 1423 2806 307
1447 2790 1467 2806 c.
1482 2781 1523 2806 10.
1638 2781 1664 2812 2)
1686 2780 1739 2812 Vqr.

101 2826 202 2859 Requla
225 2830 323 2860 pastor.
348 2827 391 2857 Il,
410 2829 433 2857 7,
451 2828 546 2859 illique
565 2828 605 2857 77,
623 2827 665 2852 39.
