2220 3192
452 218 511 247 134
1008 212 1193 239 HINKMAR
1217 212 1295 238 VON
1320 210 1439 237 REIMS
1465 211 1523 237 160.

348 311 420 339 863.
448 307 620 339 Barnaban
643 309 675 337 et
697 303 834 336 saulum
856 303 889 333 in
911 313 994 344 opus
1018 300 1209 338 ministerii,¹
1222 300 1264 331 ad
1285 299 1373 340 quod
1394 299 1565 340 adsumpsi
1587 309 1651 330 eos.
1686 298 1778 329 Tunc
1802 299 2033 339 [i]eiunantesa
2054 304 2087 332 et

447 364 576 392 orantes
596 360 866 399 imponentesque
887 355 932 386 eis
955 365 1072 386 manus
1093 353 1307 384 dimiseruntb
1327 351 1409 383 illos
1440 351 1486 382 Et
1506 352 1569 393 ipsi
1590 351 1725 393 quidem
1748 352 1884 392 [m]issi⁰
1905 352 1946 384 ab
1968 352 2087 394 spiritu

304 423 352 442 Act.
365 423 399 446 18,
411 423 430 442 ⁹.
448 416 558 444 sancto
573 412 724 442 abierunt
740 407 942 440 Seleuciam’.
967 407 1012 438 Et
1027 405 1125 447 paulo
1141 408 1231 447 post:
1247 404 1380 436 ‘Saulus
1393 408 1519 442 autem,
1535 405 1593 445 qui
1608 408 1641 436 et
1656 403 1792 442 Paulus,
1808 404 1952 446 repletus
1968 406 2087 448 spiritu

446 465 580 497 sancto’.
604 463 666 495 Ubi
681 463 781 494 etiam
795 464 844 492 est
858 460 1054 497 notandum,
1068 459 1226 500 quoniam
1239 469 1317 490 cum
1331 458 1487 500 praefatis
1501 461 1616 489 nemod
1630 458 1803 489 duodecim
1816 458 1975 500 apostolis
1988 459 2087 490 inter-

269 514 428 561 velt-‹Affm
446 519 542 549 fuisse
561 517 687 556 legitur,
707 518 740 546 et
759 517 833 556 post
850 513 1091 544 ordinationem
1109 512 1318 554 episcopatus
1336 512 1374 542 de
1394 510 1497 543 Paulo
1516 511 1678 553 scriptum
1696 514 1757 549 est,
1776 512 1854 552 quia
1873 511 2019 554 repletus
2036 516 2086 544 est
2114 524 2127 544 5

444 571 561 612 spiritu
582 571 724 604 sanctoe,
745 566 842 598 verbo
863 566 1050 597 excaecavit
1068 564 1244 605 Elima[n]r
1266 575 1412 605 magum,
1434 567 1478 602 et,
1498 568 1680 605 antequam
1700 564 1938 606 baptizaretur,
1959 566 2087 598 dictum

251 634 300 653 Act.
315 634 334 657 ετ,
347 634 381 653 ιτΔ
395 633 428 652 ιε,
444 627 492 654 est-
506 623 533 653 ei
548 622 589 653 ab
602 620 766 657 Annam'a,
781 620 913 661 quando
928 619 1088 660 imposuit
1103 619 1131 649 ei
1147 628 1301 650 manum:
1315 617 1426 649 ‘Saule
1442 618 1552 655 frater,
1567 618 1722 650 dominus
1738 618 1829 650 misit
1845 629 1896 650 me
1911 618 2014 656 Iesus,
2029 619 2087 660 qui

441 675 597 718 apparuit
611 674 671 705 tibi
686 674 721 704 in
733 674 799 710 via,
813 683 879 714 qua
892 672 1056 709 veniebas,
1073 676 1110 703 ut
1123 672 1234 703 videas
1248 675 1281 702 et
1295 670 1462 713 implearis
1477 671 1596 712 spiritu
1611 674 1735 703 sancto.
1760 671 1806 702 Et
1820 672 1995 704 confestim
2007 672 2086 704 ceci-

441 731 559 761 derunt
575 727 615 758 ab
633 726 734 758 oculis
752 726 821 757 eius
837 729 1013 767 tamquam
1030 736 1186 767 squamae
1204 728 1237 756 et
1253 725 1363 756 visum
1381 723 1527 766 recepit'.

284 787 393 833 Υξζὲξεξζ
407 788 426 811 ¹›
532 791 580 820 28.
604 789 649 820 Et
663 788 903 820 attendendum
911 791 936 825 Β,
952 788 1121 828 quoniam,
1139 787 1224 818 sicut
1239 786 1356 818 beatus
1372 786 1508 818 Petrusss
1530 785 1735 828 completum
1759 797 1826 817 esse
1842 786 1924 818 dicit
1939 786 1975 818 in
1989 786 2084 825 Iuda,
2113 799 2140 818 ιο

441 844 527 885 quod
546 846 624 873 ante
646 842 753 873 fuerat
773 852 829 883 per
850 841 1046 882 prophetam
1067 840 1273 882 praedictum
1292 851 1311 871 a
1333 839 1453 881 spiritu
1473 842 1599 877 sancto,
1620 843 1654 870 et
1673 840 1713 871 de
1734 850 1901 871 sacrorum
1921 850 2088 872 canonum

440 895 675 928 constitutione
689 895 802 926 eodem
815 894 935 936 spiritu
949 893 1157 936 promulgata
1170 896 1305 924 sanctus
1318 892 1466 924 Gelasius
1479 893 1515 924 in
1527 892 1779 924 commonitorio
1793 892 1917 924 Fausto
1933 893 2088 934 magistro

442 949 586 982 militum
607 947 930 989 Constantinopolim
949 947 1101 988 fungenti
1120 946 1227 978 officio
1248 946 1419 987 legationis
1438 945 1597 987 delegato,
1617 946 1792 977 ostendens
1811 946 2050 978 rationabiliter
2068 958 2088 978 a

440 1002 543 1033 Felice
564 1013 650 1044 papa
667 1001 825 1032 Acacium
845 999 1253 1042 Constantinopolitanum
1271 1000 1465 1041 episcopum
1484 999 1583 1030 fuisse
1601 1000 1814 1036 damnatum,
1834 999 1881 1031 ita
1900 1000 2013 1031 dicit1:
2033 1003 2088 1030 De-

440 1068 586 1089 cessoreln‚
605 1055 766 1095 inquiens,
788 1066 883 1083 meum
901 1060 1083 1083 executorem
1101 1057 1187 1083 fuisse
1206 1058 1311 1084 veteris
1330 1057 1491 1087 constituti,
1509 1065 1567 1082 non
1585 1064 1676 1082 novae
1697 1057 1911 1082 constitutionis
1930 1059 2085 1083 auctorem.
2113 1064 2139 1083 15

444 1113 525 1143 Quod
545 1121 601 1138 non
621 1111 712 1138 solum
731 1111 855 1145 praesuli
873 1111 1030 1144 apostolico
1049 1111 1141 1138 faeere
1159 1111 1236 1140 licet,
1256 1110 1305 1136 sed
1324 1110 1357 1137 et
1376 1111 1543 1143 cuicumque
1563 1109 1701 1143 pontifici.
1730 1106 1776 1137 Et
1794 1106 1877 1138 item
1895 1106 1931 1137 in
1950 1106 2088 1148 epistola

439 1163 480 1193 ad
500 1162 666 1193 universos
683 1161 850 1203 episcopos
869 1171 926 1202 per
941 1161 1145 1192 Dardaniam
1161 1160 1396 1191 constitutos2:
1417 1163 1526 1193 Patres,
1545 1160 1665 1200 inquit,
1684 1163 1786 1194 nostri,
1805 1163 1938 1189 catholici
1955 1163 2089 1190 videficet

439 1219 572 1252 doctique
588 1218 746 1252 pontifices,
763 1217 892 1251 quolibet
906 1220 1034 1251 tempore
1051 1217 1185 1250 quicquid
1201 1225 1252 1250 pro
1267 1216 1333 1247 fide,
1349 1225 1400 1250 pro
1415 1217 1549 1247 veritate,
1564 1225 1615 1250 pro
1632 1216 1829 1242 communione
1846 1216 1986 1243 catholica
2000 1219 2087 1250 atque

439 1272 595 1305 apostolica
620 1271 775 1297 secundum
801 1271 1006 1304 scripturarum
1033 1271 1180 1298 tramitem
1212 1263 1558 1303 praedicationem[que]¹¹
1585 1270 1725 1296 maiorum
1757 1269 1835 1296 facta
1861 1269 1949 1295 semel
1975 1278 2087 1303 congre-

438 1326 551 1358 gatione
575 1328 741 1355 sanxerunt,
764 1324 963 1350 inconvulsum
986 1324 1147 1351 voluerunt
1169 1323 1301 1357 deinceps
1331 1323 1500 1356 firmumque
1525 1326 1654 1350 constare
1678 1331 1729 1348 nec
1751 1323 1781 1348 in
1803 1323 1858 1349 hac
1879 1322 1979 1349 eadem
2003 1332 2088 1349 causa
2112 1330 2139 1349 20

438 1379 530 1404 denuo
555 1386 626 1411 quase·v
650 1377 776 1411 praefixa
800 1377 914 1404 fuerant
937 1378 1087 1403 retractari
1111 1376 1239 1410 qualibet
1262 1377 1369 1402 recenti
1392 1377 1623 1410 praesumptione
1648 1376 1856 1409 permiserunt,
1880 1376 2087 1409 sapientissime

438 1431 627 1465 pervidentes,
648 1431 793 1464 quoniam,
813 1432 837 1456 si
857 1431 971 1457 decreta
991 1430 1143 1456 salubriter
1163 1431 1296 1463 cuiquam
1315 1430 1413 1455 liceret
1432 1430 1544 1460 iterare,
1565 1429 1675 1455 nullum
1696 1432 1796 1455 contra
1815 1429 1940 1462 singulos
1961 1438 2087 1463 quosque

437 1493 551 1518 prorsus
572 1493 678 1511 errores
701 1484 802 1510 stabile
824 1485 989 1517 persisteret
1009 1484 1142 1510 ecclesiae
1165 1484 1355 1509 constitutum
1379 1492 1411 1509 ac
1433 1491 1544 1516 semper
1564 1482 1656 1508 isdem
1678 1482 1821 1508 furoribus
1842 1483 1974 1508 recidivis
1995 1483 2087 1509 omnis

436 1538 547 1571 integra
563 1537 697 1563 diffinitio
713 1537 886 1564 turbaretur.
914 1537 989 1563 Nam
1005 1538 1029 1562 si
1043 1537 1184 1563 limitibus
1199 1537 1288 1562 etiam
1304 1535 1436 1569 praefixis
1453 1537 1611 1569 positarum
1627 1536 1716 1561 semel
1731 1535 1912 1569 synodalium
1927 1537 2088 1570 regularum

437 1600 492 1616 non
512 1594 623 1617 cessant
639 1591 722 1616 elisae
740 1594 834 1624 pestes
851 1591 1004 1624 resumptis
1023 1589 1225 1616 certaminibus
1243 1593 1343 1616 contra
1359 1589 1581 1615 fundamentum
1599 1597 1658 1615 sese
1676 1589 1807 1615 veritatis
1825 1589 1955 1615 attollere
1972 1592 2003 1615 et
2019 1590 2084 1616 sim·
2112 1596 2139 1616 25

438 1644 521 1677 plicia
539 1652 665 1677 quaeque
684 1644 769 1670 corda
786 1647 931 1677 percutere
941 1642 960 1674 ¹,
979 1644 1048 1677 quid
1065 1643 1154 1674 fieret,
1171 1644 1195 1669 si
1211 1643 1331 1669 subinde
1349 1642 1392 1668 fas
1408 1646 1484 1668 esset
1501 1642 1615 1676 perfidis
1632 1643 1702 1668 inire
1721 1642 1891 1668 concilium?
1914 1642 1985 1668 Cum
2003 1651 2086 1676 quae-

436 1697 507 1722 libet
527 1698 575 1723 illa
597 1697 748 1723 manifesta
769 1698 808 1722 sit
828 1698 944 1727 veritas,
966 1705 1125 1730 numquam
1146 1696 1221 1722 desit
1242 1696 1319 1730 quod
1340 1696 1496 1729 pernitiosa
1517 1696 1669 1729 depromat
1690 1695 1812 1726 falsitas,
1833 1696 1889 1721 etsi
1910 1696 2020 1722 ratione
2042 1696 2087 1721 vel

437 1751 609 1776 auctoritate
631 1750 764 1776 deficiens
772 1749 796 1781 k,
819 1751 878 1776 sola
900 1755 999 1777 tamen
1020 1751 1179 1776 intentione
1202 1758 1259 1775 non
1282 1749 1392 1775 cedens.
1422 1749 1499 1780 Quae
1523 1749 1644 1775 maiores
1666 1750 1758 1775 nostri
1779 1749 1879 1775 divina
1900 1749 2086 1782 inspiratione

437 1806 582 1829 cernentes
602 1804 762 1830 necessario
782 1807 998 1837 praecaverunt,
1019 1807 1062 1834 ut,
1083 1803 1159 1837 quod
1180 1806 1246 1829 acta
1266 1798 1366 1830 semel
1385 1802 1511 1836 synodus
1532 1811 1583 1835 pro
1603 1801 1673 1828 fidei
1694 1802 1892 1828 communione
1912 1805 1943 1828 et
1962 1803 2085 1829 veritate

437 1857 576 1882 catholica
597 1860 683 1890 atque
705 1857 862 1890 apostolica
888 1857 1105 1890 promulgasset,
1127 1865 1185 1882 non
1206 1857 1319 1882 sineret
1341 1858 1407 1889 post
1428 1855 1497 1881 haec
1519 1856 1601 1881 novis
1622 1855 1876 1882 retractationibus
1895 1855 2031 1886 mutilari,
2051 1864 2085 1881 ne
2114 1861 2140 1882 30

436 1910 530 1943 pravis
546 1911 654 1936 occasio
670 1910 852 1943 praeberetur
869 1919 939 1944 quae
956 1910 1163 1936 medicinaliter
1183 1909 1298 1935 fuerant
1312 1911 1425 1935 statuta
1440 1908 1582 1942 pulsandi,
1598 1908 1647 1934 sed
1662 1911 1778 1934 auctore
1795 1908 1946 1934 cuiuslibet
1959 1909 2086 1935 insaniae

436 1972 468 1988 ac
488 1964 594 1996 pariter
612 1972 703 1989 errore
714 1957 721 1978 ¹
733 1964 891 1997 dampnato
907 1963 1035 1989 sufficere
1048 1963 1212 1989 iudicarunt
1219 1962 1252 1993 ¹¹¹,
1267 1969 1301 1988 ut
1316 1963 1442 1996 quisquis
1462 1961 1616 1995 aliquando
1637 1961 1720 1987 huius
1740 1962 1841 1987 erroris
1862 1962 2087 1988 communicator

435 2017 579 2046 existeret,
598 2017 746 2050 principali
764 2017 908 2043 sententia
927 2017 1120 2043 damnationis
1138 2017 1198 2042 eius
1216 2019 1291 2041 esset
1309 2015 1474 2045 obstrictus,
1494 2015 1629 2048 quoniam
1649 2014 1800 2040 manifeste
1820 2014 1941 2048 quilibet
1958 2015 2004 2040 vel
2023 2022 2086 2048 pro-

436 2069 555 2094 fessione
576 2078 627 2095 sua
647 2070 691 2095 vel
713 2071 909 2095 communione
929 2073 1027 2103 posset
1046 2071 1173 2103 agnosci:
1201 2069 1234 2096 et
1255 2069 1330 2107 post
1348 2064 1556 2106 aliquanta³2
1593 2067 1734 2099 Quoniam
1753 2068 1830 2094 idem
1849 2069 1910 2102 ipse
1929 2076 2016 2099 error,
2037 2068 2086 2101 qui

437 2122 522 2147 semel
538 2126 583 2148 est
600 2131 663 2148 cum
680 2131 731 2148 suo
748 2126 862 2149 auctore
880 2123 1044 2153 damnatus,
1061 2124 1090 2148 in
1108 2123 1246 2157 participe
1265 2122 1393 2156 quolibet
1409 2130 1514 2156 pravae
1532 2122 1739 2147 communionis
1755 2121 1858 2147 effecto
1874 2121 2085 2147 execrationem
2109 2127 2138 2147 35

437 2176 479 2200 suj
493 2179 586 2208 gestat
598 2180 628 2200 et
640 2184 770 2208 poenam.
792 2173 837 2203 Et
849 2173 931 2204 item
943 2174 1030 2204 idem
1043 2173 1078 2204 in
1091 2172 1229 2214 epistola
1241 2173 1283 2203 ad
1296 2172 1464 2213 episcopos
1478 2182 1534 2213 per
1545 2171 1749 2202 Dardaniam
1761 2171 1961 2202 constitutos
1974 2170 2086 2202 scribit

436 2223 580 2255 dicens4:
598 2229 661 2254 Non
677 2233 774 2254 autem
789 2238 840 2255 nos
854 2229 928 2255 latet
941 2230 969 2255 in
986 2234 1158 2263 tempestate
1174 2229 1378 2263 persecutionis
1393 2228 1528 2254 Arrianae
1544 2227 1680 2261 plurimos
1696 2227 1845 2261 pontifices
1861 2227 1895 2253 de
1910 2227 2001 2253 exiliis
2017 2235 2085 2261 pace

436 2281 548 2307 reddita
570 2282 740 2314 respirantes
764 2291 812 2315 per
836 2288 927 2308 certas
949 2284 1108 2316 provintias
1133 2283 1309 2316 congregatis
1331 2291 1427 2308 secum
1450 2280 1634 2314 fra[t]ribus¹²
1657 2281 1788 2307 ecclesias
1813 2281 2002 2314 composuisse
2026 2284 2085 2306 tur-

437 2334 533 2360 batas:
552 2343 607 2360 non
627 2338 723 2360 tamen
742 2338 775 2360 ut
792 2335 866 2361 illius
884 2336 985 2369 synodi
1005 2336 1148 2362 Nichenae
1167 2336 1305 2370 statuta,
1326 2335 1462 2369 quicquid
1480 2335 1514 2360 de
1534 2334 1588 2360 fide
1606 2337 1637 2359 et
1655 2335 1853 2360 communione
1873 2334 2014 2360 catholica
2032 2333 2085 2359 dif-

519 2456 542 2483 a)
552 2453 732 2485 Zeilcmmstmq
742 2454 809 2478 nicht
819 2455 953 2479 erkennbaezr
967 2456 996 2479 Β.
1084 2455 1107 2485 1))
1120 2457 1169 2479 -sei
1181 2457 1227 2486 (cuj
1239 2456 1299 2480 Ras.
1313 2456 1343 2480 B.
1427 2457 1450 2485 0)
1460 2455 1641 2485 Zeilemnsanq
1652 2454 1720 2478 nicht
1730 2454 1866 2478 erkcmzbar
1878 2454 1909 2478 B.
1996 2452 2020 2484 d)
2031 2454 2082 2477 Da·
2111 2459 2138 2478 40

436 2497 516 2521 himer
527 2499 601 2522 stand
613 2498 670 2521 noch
684 2499 723 2521 ein
738 2498 801 2522 Wort
812 2507 858 2522 von
872 2500 935 2523 Im?
950 2500 1058 2524 Buchst..
1072 2500 1191 2524 riclleicht
1202 2509 1215 2524 e
1227 2501 1285 2524 oder
1297 2501 1328 2524 de
1343 2500 1373 2524 B.
1460 2501 1482 2529 e)
1495 2499 1601 2523 Danach
1612 2502 1639 2522 et
1650 2499 1704 2522 rad.
1719 2498 1750 2522 B.
1836 2497 1856 2528 ¹)
1868 2506 1886 2522 n
1898 2497 1966 2522 nicht
1977 2498 2083 2522 deutlich

435 2542 570 2565 erl-cuntur
592 2542 621 2566 B.
724 2545 746 2572 g)
768 2543 841 2567 -dum
857 2558 886 2561 --
899 2544 991 2568 Petrus
1009 2544 1054 2574 1111!
1076 2544 1135 2568 Rus.
1158 2545 1188 2568 B.
1290 2543 1315 2574 h)
1336 2544 1495 2571 Zeilencnde;
1515 2551 1563 2567 mtr
1583 2551 1637 2566 vom
1657 2551 1673 2573 q
1694 2543 1753 2566 noch
1773 2542 1814 2566 cin
1831 2542 1886 2567 Teil
1898 2542 2033 2566 erkennbar
2051 2542 2082 2566 Β.

437 2584 455 2615 ἱ)
474 2586 556 2609 Imreh
576 2586 635 2610 Rus.
654 2586 715 2610 rerb.
732 2594 779 2610 aus
796 2591 940 2617 percuttere
960 2588 989 2611 B.
1087 2587 1112 2617 l³)
1130 2588 1192 2614 -fici-
1210 2588 1265 2612 sehr
1281 2588 1389 2619 verblasst
1407 2588 1438 2612 B.
1536 2586 1555 2617 1)
1573 2587 1640 2612 Verb.
1657 2595 1705 2611 aus
1720 2595 1805 2611 orrore
1823 2587 1854 2612 B.
1949 2589 1983 2616 ²¹³)
1999 2585 2085 2610 Durch

439 2631 497 2653 lens.
517 2630 578 2653 vrrb.
594 2638 641 2653 nus
659 2631 836 2654 iudicaverunt
858 2631 887 2655 B.
974 2634 999 2661 n)
1019 2636 1027 2655 ’ί
1048 2632 1114 2655 nich!
1132 2633 1199 2655 mehr
1217 2633 1352 2656 erkennbar
1372 2633 1403 2656 B.

531 2719 553 2747 1)
578 2717 663 2745 Thia,
688 2718 776 2750 Epist.
802 2718 946 2743 Romanor.
972 2719 1067 2751 pontis.
1091 2728 1147 2751 qen.
1172 2720 1197 2749 J,
1221 2720 1286 2750 3143,-
1310 2719 1464 2746 Hinschius
1486 2719 1514 2744 S.
1529 2718 1605 2751 637j.
1633 2718 1729 2751 (J.-K.
1754 2718 1807 2743 6⁴22
1829 2738 1834 2743 .
1947 2718 1974 2750 2)
1998 2717 2079 2750 Gorp.
2107 2723 2136 2743 45

432 2762 543 2787 vindob.
568 2762 611 2789 35,
637 2762 724 2793 775s.,-
748 2762 899 2787 Hinschias
921 2757 1015 2787 &642
1041 2764 1135 2795 (.J.-J{.
1160 2765 1238 2796 664).
1352 2765 1379 2795 3)
1403 2764 1483 2796 Corp.
1505 2763 1617 2789 Vinclob.
1642 2763 1685 2793 35,
1711 2763 1775 2793 779‚·
1798 2762 1956 2788 Hinschi‘us
1978 2762 2006 2787 S.
2021 2761 2081 2787 642.

435 2808 462 2836 4)
488 2807 568 2838 (Ὅτῳ.
584 2806 693 2831 Nadab.
710 2806 752 2836 35,
771 2806 858 2838 77714
873 2806 1025 2831 Hire-schim
1046 2807 1073 2831 S.
1088 2808 1148 2832 0²42.
