2220 3192
35 823 62 842 10

34 1088 61 1108 15

34 1357 61 1377 20

33 1756 58 1775 2⁶

32 2029 59 2049 ³0

32 2661 59 2680 40

656 246 843 273 HINKMAR
864 247 941 274 VON
962 248 1081 274 REIMS
1104 250 1163 274 184.
1673 251 1730 278 177

90 336 306 370 congregatione
329 338 494 366 sanxerunt,
518 337 715 364 inconvulsum
739 339 890 365 voluerunt
912 340 1044 373 deinceps
1068 340 1236 374 firmumque
1260 345 1401 373 constare;
1432 352 1482 370 nec
1505 345 1534 369 in
1558 345 1610 371 hac
1633 347 1733 372 eadem
1759 341 1831 371 866.

90 397 175 415 causa
187 389 280 414 denuo
295 396 366 422 quae
380 388 507 422 praefixa
519 389 633 416 fuerant
646 393 794 417 retractari
808 392 935 425 qualibet
947 395 1053 419 recenti
1066 395 1296 428 praesumptione
1310 397 1512 429 permiserunt:
1526 399 1733 431 sapientissime

89 442 297 476 pervidentes),
313 442 459 475 quoniam,
474 443 496 467 si
511 443 626 469 decreta
646 444 796 470 salubriter
816 446 949 479 cuiquam
969 447 1065 472 liceret
1085 448 1196 478 iterare,
1212 449 1320 474 nullum
1342 452 1441 476 contra
1460 451 1585 484 singulos
1606 460 1732 487 quosque

88 503 201 528 prorsus
221 502 328 520 errores
342 495 444 521 stabile
459 496 621 528 persisteret
641 497 773 523 ecelesiae
788 500 976 524 constitutum
998 509 1030 525 ae
1051 508 1161 533 semper
1181 501 1277 527 isdem
1298 502 1439 529 furoribus
1460 504 1620 530 redivivis
1640 507 1732 532 omnis

88 549 198 582 integra
217 547 351 574 diffinitio
372 548 543 574 turbaretur.

179 598 267 629 Haec
290 598 402 638 itaque
424 598 463 628 de
486 597 604 629 litteris
626 598 787 628 divinitus
809 599 977 641 inspiratis
999 605 1133 642 accepta
1155 602 1207 633 vel
1230 613 1286 644 pro
1310 605 1353 635 rei
1378 605 1496 636 notitia
1521 608 1731 639 manifestata

89 661 154 681 non
174 652 215 682 ad
235 650 475 687 resultandum,
496 651 583 692 quod
603 651 699 688 absit,
721 651 755 681 in
775 651 884 692 aliquo
905 653 1017 684 domni
1039 665 1142 695 papae
1162 656 1298 687 decretis
1317 658 1504 698 apostolicis
1523 659 1575 691 vel
1594 661 1635 692 ad
1656 662 1731 692 resi-

86 705 242 736 stendum
254 705 370 735 vestris
383 704 586 746 regularibus
599 705 855 736 diffinitionibus
869 707 1010 747 profero;
1025 707 1079 737 sed
1095 712 1142 745 ut,
1156 710 1320 749 quomodo
1334 711 1393 748 his,
1408 722 1491 752 quae
1506 712 1539 743 in
1553 714 1730 746 deiectione

86 758 217 790 illorum
237 759 381 789 diffinita
401 762 491 795 sunt,
512 759 670 789 hactenus
690 758 849 795 oboedivi,
870 760 914 790 sic
936 761 969 791 in
989 770 1101 791 eorum
1122 762 1340 801 restitutione,
1360 765 1453 795 cuius
1474 766 1551 796 estis
1571 778 1590 797 a
1609 768 1730 799 domno

85 812 264 853 apostolico
283 812 420 843 arbitres
439 812 625 848 constituti,
645 811 671 841 si
692 823 710 842 a
729 812 821 843 vobis
842 812 947 843 fienda
966 814 1120 844 canonice
1140 814 1274 846 inventa
1294 820 1327 846 et
1347 822 1477 857 patrata
1498 819 1607 857 fuerit,
1627 831 1730 862 quan-

86 870 161 897 tum
176 876 217 896 ex
235 876 284 896 me
300 869 360 901 est,
379 865 534 906 praefatis
550 864 668 905 regulis
683 866 781 896 sacris
797 869 830 895 et
844 866 1084 907 episcopalibus
1098 871 1198 908 atque
1214 869 1409 909 apostolicae
1425 872 1508 902 sedis
1523 874 1639 904 exinde
1654 886 1729 906 con-

87 918 327 951 firmationibus
352 918 529 960 periculose
554 929 619 949 non
643 918 772 949 obviem
795 922 827 949 et
850 930 869 949 a
894 921 1188 960 praeceptionibus,
1212 932 1295 961 quae
1319 923 1353 953 in
1375 924 1562 963 apostolicis
1585 927 1730 968 epistolis

84 973 308 1009 continentur,
328 983 347 1002 a
365 972 486 1013 quibus
504 972 646 1003 Domino
666 976 833 1002 annuente
853 972 904 1003 vel
928 974 1121 1007 transvers01,
1145 980 1178 1003 ut
1201 979 1314 1008 dicitur,
1338 988 1434 1013 ungue
1457 979 1595 1009 scienter
1617 984 1651 1011 et
1674 992 1730 1022 per

85 1026 330 1058 contumaciam
348 1037 413 1057 non
430 1025 632 1059 exorbitabo.
650 1025 684 1056 in
703 1024 792 1056 nullo
811 1036 867 1066 per
883 1026 1104 1066 ignorantiam
1120 1027 1247 1058 deviem
1264 1032 1308 1065 et,
1326 1029 1466 1069 qualiter
1481 1031 1602 1072 absque
1619 1034 1729 1065 discri-

88 1080 173 1112 mine
192 1080 283 1120 sequi
301 1080 437 1111 debeam
456 1078 636 1120 regularem
654 1083 810 1115 vestram,
830 1090 971 1119 quorum
990 1090 1030 1109 ex
1048 1079 1248 1121 delegatione
1268 1082 1350 1113 sedis
1368 1084 1564 1124 apostolicae
1584 1086 1729 1124 interest,

85 1133 330 1170 diffinitionem,
351 1144 407 1174 per
425 1133 572 1174 ipsarum
590 1132 777 1173 regularum
796 1133 965 1164 tramitem
984 1133 1105 1174 liquido
1123 1144 1313 1174 cognoscere
1331 1135 1469 1168 valeam,
1498 1138 1547 1168 Ad
1565 1139 1623 1170 hoc
1641 1141 1730 1172 enim

84 1186 137 1219 vel
154 1187 297 1218 maxime
314 1187 355 1217 ad
372 1187 536 1227 synodum
552 1186 644 1216 venit
660 1187 844 1227 episcopus,
864 1190 901 1216 ut
917 1191 976 1217 aut
992 1187 1097 1218 discat
1113 1191 1172 1218 aut
1188 1188 1303 1219 doceat
1318 1193 1378 1219 aut
1393 1191 1572 1230 corrigatur
1588 1197 1648 1223 aut
1663 1204 1729 1224 cor-

84 1241 179 1281 rigat.
205 1240 249 1271 Et
266 1239 446 1271 Caelestino
462 1240 587 1270 dicente
599 1240 621 1271 ².
641 1243 678 1269 ut
694 1242 763 1269 nulli
779 1244 919 1269 sacerdoti
935 1252 1000 1270 suos
1015 1244 1099 1270 liceat
1115 1253 1237 1270 canones
1252 1246 1379 1278 ignorare
1396 1255 1446 1273 nce
1463 1248 1615 1281 quicquam
1630 1250 1730 1280 faeere,

85 1298 161 1331 quod
180 1301 295 1330 patrum
315 1298 403 1331 possit
423 1297 525 1330 regulis
543 1297 670 1327 obviare,
690 1303 817 1324 necesse
836 1297 896 1329 est,
919 1297 955 1323 ut
974 1305 1011 1324 ea
1030 1294 1104 1324 hinc
1123 1295 1315 1331 decernatis,
1337 1307 1375 1326 ne
1394 1301 1453 1327 aut
1472 1298 1506 1328 in
1525 1299 1730 1338 questionem

84 1348 255 1378 reveniant
278 1351 338 1378 aut
362 1347 486 1378 occasio
512 1346 628 1377 exinde
653 1345 794 1377 alicuius
820 1347 1099 1388 praesumptionis
1124 1352 1263 1389 exurgat
1287 1353 1346 1379 aut
1372 1348 1426 1380 illa
1450 1350 1622 1382 dissolvere
1648 1356 1729 1384 tem-

85 1400 219 1442 poribus
240 1401 359 1432 nostris
378 1400 431 1431 vel
450 1411 673 1431 successorum
695 1404 882 1431 nostrorum
902 1405 1062 1441 oporteat.
1101 1405 1224 1435 Quanta,
1244 1402 1353 1443 inquit
1374 1402 1597 1443 Symmacusss,
1620 1410 1730 1436 vicariis

86 1459 241 1484 beatissimi
258 1458 333 1484 Petri
354 1458 475 1491 apostoli
494 1457 670 1484 iudicabitur
689 1466 749 1482 esse
770 1458 936 1487 reverentia,
952 1458 974 1483 si
997 1466 1068 1491 quae
1089 1459 1118 1483 in
1139 1459 1296 1485 sacerdotio
1317 1461 1494 1493 praecipiunt
1514 1462 1619 1488 eisdem
1640 1465 1729 1489 trans-

85 1512 220 1538 euntibus
237 1512 451 1538 dissolvantur?
483 1508 578 1544 Quia,
599 1511 636 1537 ut
654 1507 734 1538 item
752 1507 830 1538 dicit
841 1507 863 1543 4,
890 1519 946 1536 non
964 1514 1059 1544 potest
1076 1520 1111 1537 ex
1130 1515 1210 1545 parte
1228 1512 1340 1538 firmum
1357 1521 1425 1543 esse,
1445 1515 1520 1547 quod
1538 1516 1730 1548 generalitatis

85 1566 177 1599 tangit
196 1565 336 1591 iniuriam.

894 1685 925 1715 b.

84 1757 312 1781 miscuimus*
327 1756 505 1780 manorum
520 1756 710 1780 EPiscor’Us
725 1756 882 1780 simeram
897 1756 1038 1780 eroDo
1049 1756 1059 1770 ὓ
1073 1756 1187 1780 nomm
1202 1757 1315 1781 PAPAE
1328 1757 1471 1782 NICOLAI
1485 1759 1730 1784 AUCTORITATE

777 1801 805 1824 ς(
814 1800 1008 1825 »ΝνουΑΤΑΕ
1018 1800 1035 1823 ⁶.

174 1864 252 1904 Cap.
267 1863 292 1893 I.
312 1863 359 1893 De
379 1862 489 1893 Ebone
501 1863 523 1898 ⁷,
546 1863 629 1893 unde
649 1863 784 1903 quidam
805 1861 997 1903 loquuntur,
1017 1863 1071 1903 qui
1091 1874 1225 1893 causam
1244 1863 1314 1894 eius
1334 1863 1484 1894 nesciunt
1502 1864 1554 1896 vel
1572 1865 1651 1895 scire
1670 1869 1729 1896 aut

82 1916 193 1947 audire
222 1927 287 1947 non
312 1915 442 1952 volunt,
468 1927 545 1947 cum
571 1927 780 1956 quocumque
808 1926 864 1956 per
888 1917 1136 1947 contentionem
1164 1915 1289 1947 nullam
1315 1927 1484 1948 conseram
1510 1918 1727 1958 questionem,

82 1970 160 2010 quia
182 1980 239 2000 nec
260 1970 403 2001 domnus
423 1969 624 2010 apostolicus
647 1969 725 2001 mihi
746 1970 910 2010 agendum
931 1969 989 2000 hoc
1011 1970 1141 2010 scripsit
1163 1980 1218 2000 nec
1240 1980 1317 2000 cum
1338 1970 1451 2001 eodem
1472 1970 1583 2002 Ebone
1604 1972 1639 2002 in
1658 1972 1728 2002 vita

83 2034 142 2054 sua
159 2023 256 2054 extiti
273 2023 447 2054 altercator
466 2034 522 2054 nec
543 2027 617 2064 post
636 2027 776 2054 mortem
793 2023 862 2053 eius
880 2022 967 2053 illius
985 2033 1059 2053 sum
1076 2023 1247 2063 derogator
1266 2034 1321 2053 nec
1339 2024 1409 2054 eius
1426 2024 1510 2054 sedis
1527 2025 1656 2056 invasor
1673 2035 1727 2055 ex-

82 2077 148 2113 titi,
167 2087 269 2117 quam
286 2076 327 2107 ab
345 2087 382 2107 eo
400 2077 582 2108 secundum
601 2076 727 2117 regulas
745 2076 923 2107 sacerdotio
941 2076 1118 2106 defuncto⁸
1136 2080 1275 2116 quartus
1294 2080 1368 2117 post
1385 2087 1449 2113 eos,
1467 2078 1524 2118 qui
1543 2089 1615 2108 eam
1633 2082 1727 2108 tenu-

82 2134 177 2161 erunt
188 2131 210 2162 ⁰,
231 2130 385 2161 canonice
406 2130 440 2161 in
459 2141 496 2161 ea
516 2130 638 2161 electus
658 2134 691 2161 et
705 2130 876 2161 ordinatus
896 2130 1068 2170 regendam
1088 2130 1258 2171 suscepim.
1278 2129 1418 2161 Ratione
1438 2134 1551 2162 autem
1570 2131 1727 2168 dictante,

82 2194 184 2224 quam
205 2185 296 2215 omni
320 2184 467 2225 poscenti
491 2195 605 2225 negare
629 2195 694 2214 non
716 2184 826 2219 debeo,
850 2184 1023 2214 veritatem
1047 2183 1187 2223 proferre
1210 2182 1296 2214 licite
1318 2183 1421 2214 valeo.
1455 2184 1563 2215 Isdem
1586 2195 1727 2225 namque

82 2248 101 2267 a
121 2247 153 2267 se
174 2237 270 2268 iuxta
290 2248 397 2268 sacras
417 2237 545 2278 regulas
564 2241 597 2268 et
618 2238 830 2268 traditionem
851 2236 1101 2268 ecclesiasticam
1121 2247 1158 2267 ac
1179 2237 1307 2267 decreta
1327 2237 1410 2268 sedis
1429 2236 1597 2268 Romanae
1620 2238 1727 2278 ponti—

175 2388 201 2419 *J
220 2388 395 2420 Vorausqems
416 2389 503 2418 Haec,
518 2397 590 2422 quae
610 2389 747 2422 sequiturv
768 2388 880 2414 scedula
900 2387 1023 2413 secunda
1043 2391 1172 2421 porrecta
1187 2391 1230 2413 est
1249 2388 1366 2421 synodo,
1386 2388 1457 2414 clam
1477 2388 1587 2414 dicente
1605 2389 1728 2422 quodam

83 2431 225 2457 interdum
247 2441 304 2457 non
323 2433 494 2466 depositum,
516 2433 655 2458 interdum
678 2433 762 2458 fuisse
783 2433 947 2457 restitutum
969 2432 1106 2457 Ebonem.
1131 2432 1163 2458 Β.

177 2531 201 2561 l)
219 2530 274 2562 Vql.
297 2530 458 2563 Hieronym.
480 2531 557 2564 epist.
580 2531 641 2559 127,
655 2531 680 2558 S.
705 2531 784 2563 Cory.
806 2529 916 2555 Vi-miob.
938 2530 982 2558 56,
1004 2530 1063 2554 151.
1178 2531 1204 2561 2)
1226 2530 1317 2555 Codes,⁸
1340 2538 1474 2555 canonum
1504 2530 1606 2562 (1609)
1633 2530 1661 2555 S.
1675 2530 1726 2555 4³25

83 2581 103 2598 c.
117 2573 165 2603 20;
190 2573 343 2600 Hinschius
359 2576 387 2599 S.
401 2575 452 2600 561
470 2584 490 2600 c.
505 2576 519 2600 1
547 2575 643 2607 (J.-K.
657 2575 735 2606 371).
848 2574 875 2605 3)
899 2573 976 2598 Tlussel
1000 2574 1025 2601 Ι,
1051 2574 1128 2606 655Ῐ.
1159 2574 1214 2606 Vgfl.
1235 2574 1299 2599 oben
1318 2573 1347 2599 S.
1361 2574 1414 2599 176
1431 2575 1464 2599 A.
1479 2574 1521 2599 10.
1633 2576 1661 2605 4)
1682 2575 1727 2599 An

86 2617 118 2642 B.
138 2618 285 2644 chsarius
310 2627 360 2644 von
386 2619 473 2647 Artes.
503 2619 580 2644 leiel
605 2620 630 2647 l,
658 2619 709 2644 723
737 2618 832 2651 (ιλ-Κ.
854 2618 931 2650 769).
1065 2620 1092 2649 5)
1117 2618 1174 2643 Von
1199 2618 1334 2647 Soissons,
1361 2618 1409 2650 2⁷91.
1434 2618 1499 2643 oben
1523 2618 1551 2643 S.
1571 2618 1624 2643 174
1648 2619 1681 2643 A.
1701 2618 1725 2643 3.

84 2662 110 2693 6)
128 2661 182 2694 Vql.
201 2662 266 2688 oben
284 2663 313 2688 S.
333 2663 386 2688 174
404 2663 461 2688 und
478 2664 512 2688 A.
527 2664 551 2689 5.
572 2679 606 2681 —
622 2663 772 2695 Geqem'iber
795 2662 843 2686 den
869 2662 926 2687 (Irei
949 2661 1066 2686 anderen.
1084 2662 1290 2695 Denlcsckrilten
1314 2663 1380 2694 τεῖρε
1402 2662 1445 2687 die
1470 2662 1648 2694 Hand-schrift
1671 2662 1728 2686 hier

84 2705 140 2731 eine
164 2706 296 2732 rerkzirzte
319 2707 441 2732 Adressc.
565 2709 592 2739 7)
613 2708 641 2733 S.
663 2707 728 2732 oben
748 2707 776 2732 S.
790 2707 806 2731 6
827 2707 861 2731 A.
875 2706 899 2731 9.
935 2721 969 2724 —
1000 2706 1056 2731 Zur
1084 2706 1295 2732 Persiinlessclzlceit
1322 2706 1378 2731 und
1404 2706 1554 2731 Geschichtc
1581 2706 1651 2731 Elaos
1678 2706 1724 2738 2⁷91.

84 2750 117 2774 A.
138 2750 337 2784 Werminyhoff,
360 2751 525 2784 Allyemeine
545 2752 675 2777 Deutsche
691 2750 855 2783 Bioqraplzie
868 2750 902 2775 48
918 2750 1030 2783 (1903).
1044 2750 1131 2783 24225‘.
1244 2752 1271 2782 S)
1291 2750 1353 2775 835.
1369 2750 1424 2783 Vqr.
1446 2753 1525 2775 *umen
1545 2750 1573 2775 S.
1587 2750 1638 2775 179
1656 2750 1685 2775 Z.
1700 2750 1724 2774 4.

83 2794 110 2826 9)
129 2794 217 2820 Fulko
236 2795 293 2820 und
313 2795 410 2826 Notho,
431 2791 497 2821 A'bte
517 2804 567 2821 von
586 2796 770 2821 Sami-Remi.
792 2795 838 2827 val.
859 2794 970 2819 Schrcirs
989 2794 1016 2819 S.
1031 2794 1106 2826 35j.,·
1132 2794 1281 2823 Duchesue,
1300 2794 1395 2819 Fasles
1413 2794 1582 2827 episcopans
1602 2794 1661 2823 ΙΙΙ,
1682 2794 1723 2818 SS.

83 2837 111 2863 S.
131 2839 200 2864 auch
219 2842 301 2864 unten.
327 2839 355 2865 S.
369 2839 422 2865 130
435 2840 464 2865 Z.
479 2840 549 2873 195.
666 2841 709 2870 10)
730 2839 789 2864 845.
813 2838 866 2871 Vql.
884 2838 948 2863 oben
965 2838 1014 2863 Nr.
1030 2839 1043 2863 1
1060 2838 1088 2863 S.
1103 2839 1143 2870 Is.

172 2887 339 2913 Ensromr:
358 2888 442 2914 VIII.
1481 2887 1516 2912 23
