2220 3192
696 261 882 287 HINKMAR
902 262 978 288 VON
998 263 1117 289 REIMS
1137 264 1286 290 200—201.
1744 264 1806 293 225

179 346 387 377 consacerdos
407 350 515 377 noster
532 347 624 378 vobis
642 349 717 379 viva
735 359 813 381 voce
831 350 935 381 dicere
955 354 1074 392 potest,
1094 355 1243 382 valerem.
1271 352 1319 383 De
1337 363 1402 394 quo
1420 353 1586 385 carissimo
1605 358 1638 384 et
1658 353 1812 386 fidissimo
1839 358 1912 386 867.

178 399 277 430 fratre
300 402 333 430 et
355 399 532 430 venerabili
555 411 591 431 ac
616 402 770 441 prudenti
793 403 943 444 episcopo
966 408 1110 435 vestram
1134 409 1209 446 peto
1232 405 1404 438 indubiam
1426 406 1611 444 caritatem,
1636 411 1674 437 ut
1696 408 1816 438 domno

176 451 354 493 apostolico
370 455 404 483 et
420 452 507 493 patri
524 456 633 484 nostro
647 454 801 485 Arseniol
816 459 849 486 et
862 456 977 486 ceteris
993 457 1207 488 familiaribus
1221 459 1337 490 vestris
1360 470 1435 490 eum
1449 460 1684 491 commendetis
1700 463 1733 491 et
1748 460 1817 491 eius

176 504 424 537 necessitatibus
434 508 534 546 atque
544 506 792 538 rationabilibus
803 508 1017 549 petitionibus
1028 521 1085 551 pro
1094 510 1217 541 viribus
1228 513 1439 543 concurratis.
1454 513 1498 543 Et
1508 513 1676 553 quoniam,
1685 514 1817 554 quando

139 570 153 590 5
175 558 217 590 ad
237 558 400 599 synodum
419 558 510 599 apud
532 558 646 590 Trecas
666 560 752 597 veni,
775 571 841 591 non
862 562 978 602 putavi
998 573 1075 593 eum
1094 574 1171 594 cum
1191 563 1354 604 legatione
1375 565 1521 605 synodali
1541 576 1583 596 ex
1602 565 1672 606 ipsa
1693 567 1816 606 synodo

174 611 317 643 Romam
334 611 473 648 iturum,
491 610 571 642 talia
587 611 640 643 vel
656 612 704 643 ita
721 613 880 654 condigna
898 614 1012 645 exenia
1032 626 1159 646 mecum
1180 627 1250 646 non
1268 617 1378 654 attuli,
1398 621 1436 648 ut
1452 619 1572 649 domno
1589 618 1766 660 apostolico
1784 623 1817 650 et

174 664 341 696 carissimo
357 664 443 705 patri
459 668 569 695 nostro
583 665 717 695 Arsenio
731 676 768 696 ac
783 666 874 697 vobis
888 667 1047 708 condigne
1064 669 1192 699 mittere
1208 680 1350 710 possem,
1372 674 1405 701 et
1420 674 1494 711 post
1508 672 1670 712 synodum
1684 673 1725 703 ad
1739 672 1816 703 civi-

174 721 281 749 tatem
303 721 450 748 nostram
471 717 623 748 infirmus
644 729 815 749 remanens
838 719 872 750 in
893 721 1038 760 quadam
1060 721 1210 753 ecclesiae
1237 725 1366 754 nostrae
1388 723 1501 754 villula
1523 724 1623 755 redire
1644 728 1721 756 ante
1745 736 1816 766 pro-

175 771 351 803 fectionem
370 770 458 801 illius
478 781 545 801 non
564 771 674 812 potui:
694 782 733 802 ne
752 771 788 802 in
806 776 917 803 toturn
935 783 993 803 vos
1011 773 1315 815 quantulacumque
1333 775 1600 808 benediciuncula
1618 777 1750 808 visitare
1768 778 1815 809 di-

122 827 151 847 10
178 824 355 861 mitterem,
378 831 457 865 proa
478 827 606 855 nostrae
627 824 818 864 exiguitatis
840 826 996 857 memoria
1020 827 1116 857 mitto
1137 827 1228 858 vobis
1250 839 1305 869 per
1326 839 1402 859 eum
1423 830 1596 861 crusnam2
1618 831 1655 861 de
1678 830 1816 872 pellibus

174 877 273 908 variis
292 888 370 908 cum
392 887 502 918 panno
522 876 685 908 coloribus
705 878 795 908 vario
816 889 881 918 qua
905 882 975 909 ...b

961 1074 1030 1103 201.

256 1133 290 1164 H
290 1133 416 1164 inkmar
429 1144 471 1164 an
488 1132 616 1171 Bisclzoj
627 1133 691 1164 Odo
705 1144 763 1164 von
780 1133 936 1164 Beauwzis
951 1133 1023 1164 'aber
1036 1133 1086 1164 die
1101 1135 1262 1174 Anklaqen
1276 1135 1328 1166 der
1340 1135 1488 1166 Grieelzen
1503 1145 1592 1176 qeqen
1606 1136 1654 1167 die
1668 1138 1815 1169 romische

175 1186 301 1218 Kirche.
1430 1189 1479 1220 29.
1495 1189 1657 1220 Dezember
1678 1190 1749 1221 867.

266 1256 346 1282 Hem:
364 1256 441 1282 Laon
459 1256 512 1282 407
532 1256 576 1282 Bl.
590 1255 763 1286 149‘-150'‚
781 1256 806 1282 9.
819 1256 866 1282 .]Ιι.
890 1256 963 1290 (B),
982 1257 1070 1282 kollal.
1090 1257 1291 1288 A.V.M1mer‚
1310 1257 1382 1289 Ertl,·
1396 1258 1454 1284 Vat.
1473 1267 1524 1291 req.
1544 1259 1589 1284 lat.
1608 1259 1659 1285 151
1679 1260 1721 1286 ΒΖ.
1735 1260 1814 1291 1—2,

123 1308 151 1327 15
174 1300 217 1327 12.
230 1301 278 1327 «Ηι.
296 1301 361 1333 (Ο),
377 1300 467 1326 kollat.
478 1300 580 1330 Laehr,·
597 1300 680 1326 Paris
691 1300 757 1326 Coll.
769 1301 876 1334 Dupuy
889 1301 915 1331 9,
927 1301 969 1327 17.
987 1301 1035 1326 Jh.
1054 1301 1121 1334 (aus
1134 1302 1190 1335 B);
1206 1302 1310 1328 Dublin
1327 1301 1439 1335 Trinity
1453 1303 1555 1335 C'olleqe
1570 1303 1600 1328 C.
1616 1304 1640 1329 1.
1651 1304 1695 1334 20,
1713 1304 1754 1329 17.
1766 1305 1813 1330 Jh.

177 1345 243 1379 (aue
262 1345 318 1378 B),-
339 1345 442 1370 Tilian.
464 1344 522 1378 (D)
542 1344 710 1370 verschollen.

263 1398 385 1424 Drucke:
400 1397 538 1428 Sirmond,
555 1397 666 1423 Hincm.
683 1406 764 1431 opera
779 1398 824 1429 II,
841 1398 893 1424 809
912 1398 978 1431 (aus
996 1399 1037 1432 D)
1045 1408 1054 1428 ,·
1070 1398 1167 1432 Miqne
1184 1399 1246 1429 1:26,
1262 1399 1305 1424 93.

263 1450 376 1477 Schrbre
397 1451 459 1484 Ray.
473 1451 534 1477 206.

176 1540 386 1565 HINCMARUS
409 1540 589 1564 REMORUM
612 1540 803 1565 EPISCOPUS
826 1540 976 1564 DILECTO
1000 1540 1132 1564 FRATRI
1156 1541 1199 1564 ET
1219 1541 1437 1565 VENERABILI
1462 1541 1627 1566 EPISOOPO
1651 1542 1782 1566 ODONI³

124 1588 150 1608 20
907 1585 1068 1609 SALUTEM
1076 1584 1096 1608 ⁴.

262 1646 413 1677 Domnus
429 1645 651 1687 apostolicus⁵
666 1646 888 1677 communiter
906 1646 998 1677 nobis
1015 1651 1047 1677 et
1064 1646 1136 1677 aliis
1152 1647 1311 1688 episcopis
1328 1647 1415 1687 regni
1432 1647 1544 1677 domni
1563 1648 1662 1678 nostri
1682 1647 1791 1678 Karoli
1802 1649 1814 1667 ⁶

173 1699 346 1741 epistolam
359 1699 371 1719 ⁷
392 1699 482 1730 misit
502 1699 568 1730 itaa
587 1699 842 1733 continentemss,
863 1700 951 1740 quod
968 1699 1058 1730 Greci
1080 1699 1163 1729 tamss
1183 1703 1329 1730 ecclesiam
1348 1699 1533 1730 Romanam
1553 1705 1710 1738 specialiter
1731 1713 1816 1737 quam

174 1764 287 1782 omnem
307 1756 483 1789 generaliter,
505 1764 577 1789 quae
596 1756 693 1790 lingua
714 1756 818 1782 Latina
838 1757 939 1787 utitur,
961 1759 1100 1782 conantur
1119 1757 1329 1790 reprehendere,
1352 1757 1418 1790 quia
1436 1758 1593 1782 ieiunanius
1613 1758 1641 1782 in
1661 1757 1815 1787 sabbatisb‚

176 1810 253 1843 quod
270 1810 403 1844 spiritum
421 1812 553 1836 sanetum
570 1818 605 1835 ex
623 1812 703 1843 patre
722 1809 835 1843 filioque
853 1810 1001 1843 procedere
1019 1810 1155 1840 dicamuS,
1174 1818 1238 1835 cum
1256 1811 1307 1843 ipsi
1326 1810 1400 1835 hunc
1418 1812 1532 1835 tantum
1549 1813 1606 1835 exc
1624 1813 1704 1843 patre
1722 1819 1816 1844 proce-

120 1866 148 1885 25
173 1863 239 1888 dere
262 1862 437 1889 sateanturd.
474 1863 581 1889 Dicunt
604 1866 750 1897 praeterea
771 1872 822 1889 nos
841 1863 998 1889 abominari
1018 1864 1142 1896 nuptias.
1167 1864 1233 1895 quia
1256 1863 1423 1896 presbiteros
1445 1863 1559 1889 sortiri⁹
1581 1863 1731 1896 coniuges¹
1754 1872 1815 1897 pro-

174 1916 314 1947 hibernus,
337 1916 388 1942 etg
409 1916 571 1942 insimulare
594 1919 749 1950 temptant,
768 1913 855 1953 quod
875 1916 988 1942 eosdem
1012 1916 1180 1949 presbiteros
1202 1916 1353 1942 chrismate
1375 1916 1454 1941 linire
1478 1915 1687 1949 baptizatorum
1708 1916 1815 1942 frontes

173 1969 334 1995 inhibemus
342 1974 361 1994 ⁸.
394 1969 476 2000 Quod
492 1972 589 1995 tamen
605 1970 727 1996 chrisma
742 1978 792 1995 nos
808 1978 843 1995 ex
858 1978 933 2002 aqua
949 1969 1072 1994 fluminis
1088 1969 1222 1995 conficere
1238 1969 1376 1994 fallaciter
1391 1969 1573 1994 arbitrantur.
1602 1969 1815 2002 Reprehendere

173 2023 359 2048 nihilominus
380 2023 544 2053 moliuntur,
564 2031 597 2048 eo
618 2023 694 2056 quod
713 2025 779 2048 octo
798 2023 1004 2048 ebdomadibus
1023 2025 1090 2048 ante
1110 2022 1234 2055 pascha11
1254 2031 1270 2047 a
1290 2022 1416 2048 carnium
1435 2024 1464 2047 et
1483 2024 1591 2055 septem
1610 2021 1815 2048 ebdomadibus

175 2085 192 2102 a
211 2077 283 2102 casei
302 2078 332 2102 et
356 2084 476 2102 ovorum
501 2085 550 2102 esu
570 2084 645 2102 more
664 2085 715 2102 suo
734 2084 791 2101 non
810 2084 950 2102 cessamus
962 2074 979 2100 ¹.
1011 2075 1187 2100 Mentiuntur
1213 2083 1324 2108 quoque
1349 2083 1408 2104 noe,
1428 2075 1509 2100 sicuti
1529 2083 1578 2108 per
1595 2075 1650 2101 alia
1668 2069 1815 2108 ipsorumk

120 2132 147 2152 30
174 2130 336 2163 conscripta
352 2129 505 2159 indicatur,
525 2138 630 2162 agnum
650 2130 678 2154 in
698 2124 822 2163 pascha¹
842 2137 917 2154 more
937 2128 1107 2154 Iudaeorum
1125 2137 1208 2161 super
1227 2128 1315 2154 altare
1334 2128 1440 2161 pariter
1458 2136 1522 2153 cum
1540 2128 1681 2153 dominico
1701 2136 1814 2161 corpore

171 2182 335 2208 benedicere
353 2185 382 2208 et
399 2183 506 2208 offerre.
539 2183 614 2214 Quin
630 2185 660 2208 et
677 2183 879 2216 reprehendere
896 2184 1039 2214 satagunt,
1057 2182 1123 2214 quia
1138 2181 1254 2214 penesm
1267 2189 1318 2206 nos
1336 2181 1426 2207 clerici
1445 2180 1546 2206 barbas
1563 2180 1659 2206 radere
1676 2189 1741 2206 suas
1758 2189 1816 2206 non

171 2235 304 2262 abnuunt
321 2238 351 2261 et
370 2236 437 2269 quia
455 2235 593 2262 diaconus
612 2244 669 2262 non
688 2238 821 2269 suscepto
840 2235 1043 2268 presbiteratus
1062 2234 1155 2260 officio
1174 2234 1251 2267 apud
1269 2243 1319 2260 nos
1337 2235 1485 2267 episcopus
1503 2233 1659 2263 ordinatur,
1679 2242 1743 2259 cuin
1761 2234 1815 2266 ipsi

170 2289 258 2315 etiam
276 2289 367 2319 illum,
388 2297 472 2322 quem
492 2289 708 2322 patriarchamn
726 2297 808 2314 suum
828 2289 988 2317 nominant,
1008 2297 1043 2313 ex
1062 2288 1134 2314 laico
1153 2287 1247 2313 subito
1267 2290 1446 2313 tonsoratum
1465 2296 1498 2313 ae
1518 2287 1687 2312 monachum
1706 2286 1815 2312 factum

255 2403 279 2431 8)
297 2399 346 2433 pio
362 2401 394 2425 B.
477 2400 501 2432 b)
520 2401 615 2432 Schluss
628 2401 687 2432 fehlt
704 2401 734 2425 Β.

121 2458 147 2478 35
252 2454 313 2480 201.
333 2456 358 2484 Β’)
376 2456 402 2478 in
418 2462 470 2486 qua
484 2455 634 2479 continetur
648 2454 725 2478 Sirm.
811 2452 834 2484 ¹³)
853 2453 951 2477 sabatis
962 2453 992 2477 Ο.
1073 2455 1096 2482 c)
1115 2460 1130 2475 a
1145 2453 1174 2476 C.
1258 2451 1282 2481 d)
1300 2451 1366 2475 Verb.
1381 2459 1428 2474 aus
1443 2451 1557 2475 fateatur
1576 2452 1606 2475 B.
1688 2453 1710 2478 θ)
1729 2458 1744 2473 a
1759 2458 1810 2474 sor-

170 2499 214 2522 tiri
227 2498 256 2523 0.
342 2497 362 2529 ί)
380 2499 464 2523 Davor
476 2499 661 2523 durchstrichen
674 2506 736 2529 nup.
749 2498 779 2522 C.
874 2500 896 2527 g)
915 2501 941 2521 et
954 2511 984 2515 —-
994 2497 1140 2521 inhibemus
1154 2496 1252 2528 (Z.27)
1264 2496 1323 2526 fehlt
1335 2496 1364 2519 O.
1450 2494 1475 2525 l³)
1493 2503 1570 2526 pasca
1583 2496 1612 2518 (7.
1708 2492 1728 2524 ¹)
1744 2495 1814 2524 Folyt

171 2543 232 2567 Ras.
249 2551 295 2566 von
310 2545 371 2566 etwa
385 2544 401 2567 3
418 2543 519 2567 Buchst.
538 2543 569 2567 B.
653 2541 679 2572 k)
697 2549 787 2566 eorum
804 2542 834 2566 C.
918 2540 937 2571 l)
955 2549 1033 2572 pasca
1049 2542 1078 2565 C.
1162 2543 1195 2570 ΧΠ)
1213 2548 1278 2571 pene,
1295 2540 1325 2567 Β,
1343 2540 1371 2564 C.
1455 2541 1480 2569 ¹²)
1497 2540 1681 2570 patruarcham
1700 2539 1729 2562 C.

263 2631 288 2661 l)
310 2630 343 2656 B.
359 2639 409 2656 von
422 2630 491 2661 Orte,
507 2639 528 2656 3.
543 2631 609 2656 oben
623 2629 651 2656 S.
665 2629 717 2655 189
732 2629 766 2655 A.
780 2629 822 2654 14.
927 2630 955 2661 2)
975 2632 1004 2654 ιδ’.
1020 2629 1148 2660 Ducanye
1165 2637 1187 2653 8.
1200 2636 1223 2653 v.
1245 2636 1369 2653 creusna.
1471 2627 1498 2658 3)
1517 2626 1573 2652 Von
1596 2625 1739 2655 Bemzrais,
1760 2625 1809 2657 vql.

170 2674 236 2700 oben
255 2674 284 2700 S.
297 2674 350 2700 122
377 2675 412 2700 A.
425 2675 450 2700 3.
563 2677 591 2707 4)
610 2674 665 2707 1⁷91.
694 2673 895 2706 Herqenrbtlier,
924 2673 1048 2703 Photius,
1077 2672 1221 2698 Patriarch
1247 2680 1298 2696 von
1325 2670 1546 2704 C'onstantinopel
1563 2670 1580 2695 Ι
1606 2669 1717 2703 (1867),
1742 2669 1808 2698 074,-

119 2724 147 2743 40
171 2718 283 2744 Schrb'rs
299 2718 328 2744 S.
341 2719 403 2744 290.
417 2718 495 2751 573j.
510 2719 545 2744 A.
559 2719 607 2749 84,·
625 2718 766 2744 Βᾶιηηιῖεν
779 2718 838 2747 11²,
852 2717 913 2743 201.
933 2732 969 2735 -
984 2716 1198 2742 Gleichlautende
1216 2715 1359 2741 Schreiben
1376 2715 1501 2747 erqinyen
1512 2714 1581 2739 auch
1593 2722 1629 2738 (ιη
1641 2713 1685 2738 dic
1698 2713 1809 2745 itbriqen

171 2762 451 2796 Suffraya¹nbisch6se,·
469 2763 588 2789 erhalten
607 2763 642 2788 ist
658 2765 731 2788 &onst
745 2771 797 2787 nur
815 2764 897 2787 umen
911 2761 938 2786 N
941 2769 961 2786 r.
974 2761 1027 2786 202
1044 2761 1073 2786 S.
1086 2760 1139 2785 226
1145 2760 1165 2792 j.
1179 2768 1217 2785 an
1228 2760 1249 2785 J
1251 2759 1341 2784 ohann
1354 2767 1404 2784 von
1416 2758 1552 2784 Cambrai.
1574 2758 1595 2784 V
1598 2757 1631 2790 91.
1650 2757 1718 2782 (ezceh
1730 2759 1812 2782 antem

170 2807 221 2832 Nr.
239 2807 293 2833 203
315 2807 345 2832 S.
363 2807 425 2832 227.
547 2809 575 2840 5)
596 2807 733 2833 Nikolaus
756 2806 780 2831 I.
902 2806 930 2836 6)
950 2805 1006 2830 Des
1032 2804 1147 2830 Kahlen.
1277 2805 1303 2835 7)
1323 2803 1386 2828 ΜΘ.
1409 2802 1497 2835 Epist.
1517 2802 1564 2832 VI,
1581 2801 1667 2834 600ff.
1690 2800 1740 2826 ΝΥ.
1760 2800 1812 2826 100

173 2851 265 2884 (J.-E.
279 2851 376 2884 2879).
490 2852 517 2883 8)
534 2852 591 2885 qu.
610 2851 746 2877 Nih-olaus
761 2850 785 2876 I.
803 2859 828 2875 a.
842 2858 866 2874 α.
880 2849 910 2875 Ο.
928 2849 976 2879 VI,
990 2849 1042 2874 603
1055 2848 1085 2874 Z.
1099 2847 1199 2874 23—8.
1213 2847 1266 2872 604
1281 2847 1312 2872 Ζ.
1328 2847 1350 2872 7.

257 2900 431 2926 EPISTOLAE
444 2899 528 2926 VIII.
1566 2894 1600 2919 ²9
