2220 3192
647 215 833 242 HINKMAR
852 215 930 242 VON
951 215 1070 242 REIMs
1092 216 1151 242 160.
1668 213 1728 242 129

83 307 243 340 antiquitus
258 306 407 340 dignitatis
421 307 625 334 intemeratum
642 308 744 334 habere
760 308 945 334 decemimus.
970 304 1016 336 Et
1030 304 1113 336 item
1126 305 1214 336 idem
1228 304 1270 336 ad
1287 304 1490 335 Martianum
1513 304 1726 345 augustum¹z

83 360 233 393 Privilegia
255 360 437 386 ecclesiarum
461 363 625 387 sanctorum
650 366 765 395 patrum
790 361 945 388 canonibus
968 362 1105 388 instituta
1128 364 1158 387 et
1181 361 1351 388 venerabilis
1375 361 1520 387 Nichenae
1545 361 1647 395 synodi
1672 360 1729 387 fixa

82 413 203 440 decretis
223 412 302 439 nulla
321 417 442 447 possunt
461 413 645 447 improbitate
667 414 796 445 convelli,
817 415 894 441 nulla
914 415 1044 441 novitate
1066 415 1179 441 mutari.

174 482 220 511 17.
245 479 289 510 Et
305 490 343 510 ne
357 479 437 520 quid
452 480 535 511 forte
549 492 567 511 a
584 481 676 512 nobis
691 482 960 522 praetermissum
974 482 1013 513 de
1026 482 1085 513 1100
1102 481 1230 523 negotio
1245 493 1287 512 ex
1300 481 1463 513 industria
1477 482 1516 512 de
1529 481 1637 512 verbis
1650 480 1728 512 Iulii

45 543 57 563 5
78 533 242 570 videatur,
263 533 534 574 superadicimus,
553 535 713 574 quoniam
730 534 974 566 Alexandrinus
993 539 1026 565 et
1043 535 1290 566 Anthiochenus
1309 535 1453 576 episcopi
1473 535 1559 565 sicut
1578 538 1611 565 et
1632 534 1727 565 Thes-

82 586 290 618 salonicensis
302 586 476 627 episcopus
488 597 530 618 ex
541 586 741 627 delegat-ione
754 588 836 619 sedis
847 587 1064 629 apostolicae2
1079 588 1348 630 metropolitanos
1360 588 1420 619 sub
1432 599 1510 619 cura
1523 598 1582 619 sua
1594 587 1726 619 habent.

81 640 187 671 Iulius
202 650 289 682 papa
304 639 339 670 in
353 650 447 680 saepe
466 644 645 671 memorata
655 641 668 659 ³
682 641 819 682 epistola
835 652 905 678 sua,
920 642 1008 682 quod
1022 645 1055 672 et
1067 641 1318 673 Calcedonenses
1332 652 1472 672 canones
1481 640 1504 677 ⁴¹,
1520 641 1577 681 qui
1593 641 1729 672 fuerunt

81 694 255 725 constituti
270 693 306 723 in
320 692 383 723 illis
400 693 583 734 provintiis,
600 694 822 730 decreverunt,
840 698 888 731 ut,
905 694 950 724 si⁵
965 695 1108 736 episcopi
1124 698 1378 732 metropolitanum
1393 701 1445 724 aut
1458 698 1565 724 iudices
1581 703 1728 731 suspectos

81 750 244 776 habuerint
261 753 313 776 aut
330 749 449 775 infestos
467 751 631 779 senserint,
646 751 722 783 apud
741 752 894 784 primatem
912 751 1054 777 dioceseos
1073 754 1125 778 aut
1143 752 1219 785 apud
1239 751 1357 777 Romae
1375 751 1449 777 sedis
1468 751 1638 785 pontificem
1655 751 1728 777 iudi-

31 809 60 829 10
82 807 199 831 centur.
238 799 333 837 Quod
351 799 548 831 Anatholius
569 800 700 830 favente
721 799 781 831 sibi
801 811 842 830 ex
864 801 1010 832 maxima
1031 805 1124 842 parte
1145 802 1278 842 synodO,
1300 802 1355 832 sed
1375 801 1631 832 reclamantibus
1650 811 1728 842 apo-

82 853 214 885 stolicae
240 852 323 883 sedis
348 852 473 893 legatis,
499 853 587 893 quod
611 853 781 884 Romanae
807 853 942 884 debetur
967 853 1128 891 ecclesiae,
1157 854 1442 896 Constantinopoli
1468 854 1648 885 elaboravit
1673 854 1728 885 ad-

81 907 188 943 scribi,
207 906 347 937 faciente
365 916 475 937 secum
493 906 631 946 antiquo
643 906 1009 948 Constantinopolitano
1026 907 1174 945 concilio,
1194 907 1331 945 quando⁶
1346 914 1392 937 est
1410 911 1561 937 Nectarius
1579 911 1728 937 ordinatus

81 965 231 998 episeopus
247 959 306 990 sub
324 958 481 990 Gratiano
497 959 693 1000 imperatore
710 964 742 990 et
757 960 900 991 Damaso
918 971 1014 1002 papa.
1043 960 1104 992 Sed
1122 960 1385 1002 praevalentibus
1400 961 1533 991 Nicenis
1547 960 1729 992 canonibus

81 1018 115 1045 et
127 1013 325 1055 apostolicae
340 1013 422 1044 sedis
436 1013 633 1044 auctoritate
650 1012 774 1044 molitio
789 1012 844 1044 illa
860 1014 992 1054 penitus
1005 1018 1055 1044 est
1067 1018 1206 1050 cassata,
1221 1014 1307 1045 siout
1320 1014 1355 1045 in
1369 1014 1467 1055 gestis
1483 1013 1729 1045 Calcedonensis

30 1074 59 1094 15
81 1066 231 1098 concilii⁷
252 1070 285 1097 et
305 1066 340 1097 in
360 1065 506 1107 epistolis
527 1066 644 1097 Leonis
666 1077 770 1108 papae
793 1067 1056 1098 manifestissime
1078 1067 1294 1108 repperiturss.

174 1139 221 1168 18.
246 1137 294 1167 De
308 1137 358 1167 his
372 1147 459 1173 vero,
475 1136 532 1177 qui
550 1136 795 1177 metropolitani
811 1137 956 1177 simu[l]a
971 1141 1005 1168 et
1020 1138 1177 1179 primates
1194 1137 1435 1179 provintiarum
1451 1137 1612 1174 existunt,
1629 1138 1727 1174 idem,

81 1191 169 1232 quod
187 1190 427 1232 praemisimrm,
449 1190 633 1221 Nichenum
651 1190 731 1220 dicit
755 1190 962 1225 concilium⁹‚
990 1194 1037 1227 ut,
1064 1191 1148 1222 sicut
1172 1191 1262 1232 apud
1278 1190 1512 1222 Alexandriam
1529 1197 1560 1220 et
1577 1194 1655 1228 apud
1672 1194 1728 1221 An-

82 1248 248 1278 thiochiam,
276 1244 320 1274 1111
349 1246 480 1272 similiter
499 1246 576 1280 apud
597 1250 704 1272 ceteras
725 1248 882 1280 provintias
903 1248 960 1272 suis
980 1248 1127 1281 privilegia
1146 1251 1295 1273 serventur
1314 1247 1445 1273 ecclesiis.
1477 1243 1572 1275 Unde
1592 1248 1626 1275 et
1644 1244 1728 1275 Afri-

81 1308 204 1329 canum
217 1295 393 1328 concilium
407 1297 448 1328 ad
457 1295 677 1327 Caelestinum
692 1307 815 1338 papam
829 1297 941 1328 scribit
954 1297 1110 1328 dicensm:
1127 1301 1249 1327 Decreta
1257 1301 1385 1327 Nichena
1398 1301 1457 1326 sive
1471 1301 1611 1326 inferioris
1625 1301 1728 1333 gradus

32 1357 60 1378 ²0
81 1355 195 1381 clericos
210 1354 270 1379 sive
285 1354 432 1387 episcopos
448 1353 524 1386 ipsos
540 1353 597 1378 suis
615 1353 841 1386 metropolitanis
857 1354 1034 1387 apertissime
1051 1355 1267 1384 commiserunt;
1283 1354 1503 1388 prudentissime
1518 1354 1594 1380 enim
1609 1354 1729 1380 iustissi-

82 1415 182 1442 meque
198 1406 335 1432 viderunt
350 1414 545 1440 quaecumque
561 1407 676 1439 negotia
690 1407 719 1432 in
735 1407 792 1432 suis
808 1407 876 1432 locis
892 1407 940 1432 ubi
956 1410 1020 1433 orta
1035 1411 1103 1432 sunt
1118 1407 1242 1433 finienda
1257 1416 1308 1433 1100
1323 1407 1475 1440 unicuique
1491 1407 1652 1440 provintiae
1668 1415 1729 1440 gra-

82 1462 153 1487 tiam
173 1461 266 1486 saneti
286 1461 403 1493 spiritus
424 1459 599 1490 defuturam,
615 1468 671 1493 qua
693 1461 823 1493 aequitas
844 1469 861 1486 a
883 1460 986 1486 Christi
1008 1460 1203 1486 sacerdotibus
1223 1463 1254 1486 et
1274 1460 1524 1494 prudentissime
1546 1460 1680 1486 videatur
1699 1465 1730 1486 et

83 1514 313 1541 constantissime
334 1517 475 1539 teneatur.
517 1509 611 1546 Quod
633 1513 666 1540 et
688 1520 828 1540 canones
852 1509 1209 1551 Constantinopolitani
1231 1511 1459 1541 demonstrant
1481 1509 1667 1546 dicentesll,
1691 1513 1730 1540 ut

81 1567 140 1598 ina,
164 1575 235 1601 quae
259 1571 327 1593 sunt
349 1575 398 1600 per
421 1574 653 1600 unamquamque
677 1567 862 1600 provintiam,
885 1567 973 1600 ipsius
997 1567 1156 1600 provintiae
1179 1566 1305 1601 synodus
1328 1567 1482 1601 dispenset,
1505 1567 1580 1593 sieut
1602 1567 1730 1592 Nicheno

34 1627 60 1647 25
83 1624 197 1647 constat
207 1620 353 1646 decretum
366 1628 426 1646 esse
441 1620 567 1646 concilio.
588 1616 633 1647 Et
647 1615 851 1647 Sardicenses
864 1627 1003 1647 canones
1017 1616 1132 1648 dicunt
1138 1617 1175 1653 ¹2,
1186 1617 1264 1658 quia
1277 1620 1331 1646 hoc
1345 1628 1519 1653 consequens
1532 1628 1591 1645 esse
1606 1619 1730 1650 videtur,

82 1678 116 1700 ut
128 1674 162 1700 de
177 1673 305 1707 qualibet
318 1674 463 1707 provintia
474 1674 600 1707 episcopi
613 1673 649 1699 ad
662 1681 728 1699 eum
742 1673 859 1699 fratrem
873 1676 902 1699 et
915 1673 1112 1706 coepiscopum
1125 1676 1256 1700 nostrum
1269 1681 1365 1707 preces
1378 1674 1508 1704 mittant,
1522 1673 1570 1706 qui
1583 1674 1612 1699 in
1626 1676 1730 1699 metro-

83 1728 140 1762 poli
159 1727 300 1757 consistit,
320 1730 353 1753 ut
370 1726 417 1752 ille
435 1729 466 1752 et
484 1727 637 1752 diaconum
656 1727 716 1752 eius
735 1730 765 1752 et
783 1726 1004 1760 supplicationes
1023 1727 1157 1757 destinet,
1176 1727 1305 1752 tribuens
1325 1726 1576 1753 commendaticias
1595 1726 1730 1760 epistolas

82 1781 143 1814 pari
159 1781 269 1807 ratione
285 1780 322 1806 ad
338 1780 441 1806 fratres
456 1784 487 1806 et
503 1781 683 1814 coepiscopos
700 1783 822 1810 nostros,
840 1781 887 1813 qui
904 1779 952 1805 illo
968 1785 1095 1813 tempore
1111 1781 1139 1806 in
1156 1780 1199 1805 his
1214 1779 1376 1813 regionibus
1391 1783 1422 1806 et
1437 1779 1556 1805 urbibus
1573 1783 1730 1809 morantur,

82 1834 111 1860 in
127 1833 230 1867 quibus
245 1833 313 1860 felix
327 1837 358 1859 et
372 1833 474 1860 beatus
490 1837 627 1867 augustus
649 1842 708 1859 rem
730 1833 874 1866 publicam
889 1833 1037 1866 gubernat.
1063 1829 1108 1860 Et
1122 1833 1256 1861 sanctus
1274 1829 1445 1870 Gregorius
1460 1830 1502 1860 ad
1516 1829 1730 1861 Vincentium

33 1892 61 1913 ³0
83 1887 116 1914 et
125 1887 247 1915 ceteros
258 1883 426 1925 episcopos
437 1883 547 1915 scribit
556 1884 595 1913 ¹²³:
612 1887 779 1917 Hortamur,
787 1883 947 1924 inquiens,
958 1886 1169 1912 fraternitatem
1180 1890 1316 1917 vestram,
1326 1890 1369 1917 ut,
1379 1887 1403 1912 si
1417 1894 1591 1920 quemquam
1602 1889 1730 1912 vestrum

83 1949 134 1974 pro
155 1940 247 1967 causis
267 1941 388 1974 propriis
409 1940 580 1974 ubicumque
603 1935 730 1976 longius
753 1940 921 1973 compulerit
941 1939 1086 1965 ambulare
1107 1939 1270 1970 necessitas,
1291 1948 1308 1966 a
1330 1940 1551 1973 metropolitano
1572 1943 1668 1966 vestro
1689 1947 1730 1964 se-

84 1993 208 2020 cundum
222 1993 346 2019 inditam
359 2001 377 2020 a
392 1990 513 2021 sanctis
528 1989 677 2031 patribus
690 1993 816 2026 regulam
830 1997 925 2027 petere
940 1989 1107 2020 licentiam
1121 1993 1249 2019 debeatis
1263 2001 1314 2019 nec
1326 2001 1393 2018 eum
1406 1997 1577 2026 postponere
1591 1993 1621 2018 in
1634 1992 1730 2026 aliquo

83 2047 282 2081 praesumatis,
298 2050 418 2080 excepto
435 2048 469 2077 si,
487 2047 563 2080 quod
582 2055 638 2072 non
656 2050 800 2080 optamus,
818 2050 917 2072 contra
933 2046 1055 2071 eundem
1074 2046 1327 2079 metropolitanum
1344 2049 1473 2072 vestrum
1490 2054 1542 2071 vos
1559 2045 1663 2072 habere
1681 2045 1730 2072 ah·-

84 2100 152 2134 quid
167 2108 266 2127 causae
281 2101 438 2134 contingat,
452 2104 487 2126 ut
499 2100 537 2126 ob
551 2100 604 2126 hoc
617 2100 691 2126 sedis
705 2100 877 2133 apostolicae
890 2099 1028 2125 iudicium
1042 2099 1080 2129 hi,
1095 2100 1143 2132 qui
1158 2103 1253 2132 petere
1267 2099 1417 2129 festinant,
1430 2099 1576 2125 licentiam
1590 2099 1731 2128 habenam

34 2157 61 2179 35
84 2153 159 2187 quod
178 2154 257 2180 scitis
276 2161 326 2187 per
345 2162 466 2180 canones
484 2154 572 2180 etiam
593 2154 777 2186 antiquorum
797 2156 912 2186 patrum
931 2152 1113 2178 institutione
1133 2153 1311 2186 permissum.
1340 2149 1435 2180 Unde
1457 2148 1660 2180 sardicenses
1678 2159 1729 2179 ca-

167 2259 190 2284 a)
207 2256 353 2281 Zeilenende
370 2259 467 2280 zerstdrt
486 2257 517 2280 B.

179 2327 204 2357 l)
223 2326 376 2351 Hrivzsclzwius
400 2326 428 2351 S.
443 2327 495 2351 610
523 2326 618 2358 (J.-K.
639 2326 717 2358 481).
847 2325 945 2358 2)1'9l.
965 2325 1018 2350 Leo
1035 2325 1059 2350 I.
1086 2334 1122 2350 an
1148 2325 1315 2351 Anastasius
1340 2334 1389 2351 von¹
1418 2325 1620 2353 Thessalonich,
1641 2325 1731 2350 Codex

86 2378 219 2396 canonum
237 2370 338 2403 (1609)
354 2370 381 2396 S.
396 2371 448 2396 466
468 2380 488 2396 c.
503 2371 551 2399 32:
572 2370 725 2396 Hinschius
744 2370 771 2395 S.
786 2370 838 2395 619
857 2370 906 2395 0.]
930 2369 1025 2402 (J.-K.
1041 2369 1124 2401 411).-
1144 2385 1179 2387 —
1198 2385 1232 2388 —
1252 2370 1538 2403 metropolitanos
1557 2369 1731 2402 singularum

88 2415 296 2448 provinciarum
318 2416 474 2448 episcopOS,
494 2415 595 2448 quibus
617 2423 656 2440 ex
679 2414 894 2446 delegatione
914 2417 1031 2439 nostra
1043 2414 1232 2440 fraternitatis
1245 2418 1310 2440 tuae
1328 2423 1407 2440 cuia
1420 2414 1625 2447 praetenditur,
1639 2429 1674 2432 -—
1686 2429 1729 2438 ——.

35 2458 63 2479 4⁰
89 2459 116 2490 3)
138 2459 190 2484 Die
210 2459 336 2491 srit'heren
355 2460 441 2484 Zilate
462 2459 553 2492 finden
580 2459 637 2485 sicle.
660 2459 730 2484 nicht
760 2459 796 2483 im.
823 2458 1010 2483 erhaltenen
1035 2458 1094 2483 Teil
1121 2458 1166 2483 der
1186 2458 1368 2491 Denkschrz‘st.
1504 2460 1532 2489 4)
1551 2458 1581 2484 O.
1596 2458 1621 2488 9,
1641 2458 1731 2483 Codex

86 2511 221 2528 canonum
242 2504 343 2536 (1609)
364 2503 392 2529 S.
407 2503 473 2531 125:
491 2503 645 2529 Hinschius
663 2505 692 2528 S.
708 2504 768 2528 2⁸0.
883 2504 910 2533 5)
930 2502 998 2527 Can.
1020 2502 1197 2528 P3.-Nicaen.
1217 2502 1258 2528 bei
1277 2503 1446 2531 Familias,
1466 2503 1619 2528 Hinschivs
1637 2503 1665 2528 S.
1679 2503 1731 2528 469

91 2547 185 2579 (ιλ-Κ.
205 2547 241 2581 †§
255 2547 332 2580 196).
427 2549 454 2579 6)
470 2548 526 2581 1⁷91.
541 2548 632 2573 Codex
644 2555 779 2573 canonum
795 2546 895 2579 (1609)
911 2546 938 2572 S.
953 2546 1000 2576 89:
1019 2546 1172 2572 Hinschius
1184 2547 1214 2572 S.
1226 2547 1279 2572 276
1294 2547 1391 2580 (requl.
1407 2547 1729 2580 Constantinopolitan)

87 2592 114 2622 7)
134 2591 190 2624 Vql.
217 2592 315 2617 Manszss
335 2592 401 2621 VII,
426 2592 512 2625 4422?
637 2594 664 2622 S)
685 2591 740 2623 syl.
766 2591 818 2616 Leo
842 2591 866 2615 I.
891 2599 925 2615 (ιη
952 2590 1107 2619 Pulcheria,
1131 2591 1273 2619 Schwartz.
1298 2592 1367 2617 Acta
1384 2591 1478 2617 concil.
1498 2599 1632 2617 oecumen.
1652 2591 1696 2617 II.
1716 2591 1731 2615 4

86 2635 114 2660 S.
128 2636 211 2669 57ff,·
236 2636 334 2661 Δ7110113ιῖ
356 2636 404 2665 ΓΙ,
424 2637 510 2670 195ff
540 2636 636 2669 (J.-K.
658 2636 740 2667 482),·
766 2644 802 2659 an
827 2635 983 2663 Anatolius,
1008 2635 1141 2660 Schwartz
1166 2644 1191 2660 α.
1205 2636 1272 2661 (1.0.
1299 2635 1327 2661 S.
1347 2635 1431 2668 59ff.,·
1456 2635 1555 2661 Mami
1572 2635 1621 2665 VI,
1644 2635 1729 2668 19:525.

35 2679 63 2700 45
90 2680 185 2711 (J.·K.
202 2680 280 2713 483).
393 2682 420 2711 9)
445 2680 475 2706 C.
490 2682 514 2708 6,
537 2680 628 2706 Codex
648 2688 781 2705 canonum
806 2679 906 2711 (1609)
930 2679 958 2704 S.
973 2679 1002 2708 4‚·
1026 2679 1179 2705 Hinschius
1199 2679 1228 2705 S.
1242 2681 1302 2706 258.
1418 2681 1461 2711 10)
1486 2679 1576 2705 Cadme
1596 2688 1731 2705 canonum

90 2724 191 2755 (1609)
212 2724 241 2750 S.
255 2725 307 2750 25¹7
323 2733 343 2750 c.
358 2725 423 2753 105:
449 2725 602 2750 Hlnschius
618 2724 647 2750 S.
663 2724 880 2754 31:211)
907 2723 997 2748 (r'odear
1011 2731 1147 2749 canonum
1164 2724 1265 2756 (1609)
1283 2724 1311 2750 S.
1325 2724 1360 2749 90
1375 2732 1396 2749 0.
1410 2724 1440 2753 2‚·
1464 2724 1618 2750 Hinschius
1632 2723 1661 2749 S.
1679 2723 1731 2748 276

87 2776 108 2793 c.
121 2769 146 2793 3.
258 2769 301 2800 12)
327 2769 356 2794 C.
376 2769 401 2797 9,
428 2769 518 2795 Coclezc
536 2778 668 2794 canonum
692 2767 792 2800 (1609)
813 2767 920 2795 5216&
948 2767 1101 2793 Hinechius
1124 2768 1153 2793 S.
1174 2768 1235 2794 268.
1357 2769 1399 2799 13)
1426 2768 1490 2793 MG.
1510 2768 1598 2801 Epist.
1618 2767 1661 2797 II,
1679 2767 1731 2792 190

90 2812 181 2844 (J.-E.
195 2813 291 2845 1729).

174 2861 341 2887 Eris'ronar:
354 2861 437 2888 VIII.
1488 2862 1518 2886 17

1754 308 1828 339 863.
