2220 3192
678 210 864 236 HINKMAR
884 209 962 236 VON
985 210 1103 236 REIMS
1125 210 1183 236 131.
1716 209 1755 238 69

101 298 218 336 cimus,
234 298 367 339 quando
382 299 477 330 divae
493 298 669 330 memoriae
684 299 826 331 domnus
842 298 1003 331 Karolus¹
1023 298 1165 330 Felicem
1186 298 1351 330 infelicem
1372 298 1590 340 Orgellitanae
1611 299 1756 331 civitatis
1780 302 1955 331 859—860.

103 351 314 393 episcopum2
332 351 483 392 synodali
500 352 628 383 decreto
646 351 850 383 haereticum
863 351 1118 394 comprobatum
1134 355 1234 393 atque
1249 352 1449 384 damnatum
1465 352 1638 394 comperit,
1654 352 1756 384 etiam

102 404 265 436 revictum
282 405 421 441 invenit,
438 405 516 446 quia
532 409 687 446 corrupto
707 405 898 436 muneribus
919 405 1046 436 iuniore
1062 404 1305 436 bibliothecario
1321 405 1484 446 Aquensis
1501 404 1617 446 palatii
1634 404 1756 437 librum

101 456 190 488 beati
208 456 325 488 Hilarii
341 457 443 488 rasit3
458 461 502 495 et,
515 458 571 489 ubi
586 459 749 500 scriptum
764 458 865 494 erat4,
881 458 959 499 quia
974 458 1009 489 in
1023 458 1083 489 Dei
1099 457 1165 489 filio
1182 462 1273 488 carnis
1289 461 1439 488 humilitas
1453 461 1600 493 adoratur,
1615 458 1756 490 immisit

70 520 82 539 5
106 514 197 540 camis
216 513 363 540 humilitas
383 513 548 548 adoptatur.
569 509 632 542 Sed
652 515 695 547 et,
712 511 797 542 sicut
818 522 896 542 mox
916 510 1015 542 lector
1035 511 1191 548 inveniet,
1208 522 1392 542 sermonem
1411 510 1500 542 Flori
1518 511 1558 542 de
1578 511 1754 552 praedesti-

104 562 258 594 natione⁵
279 563 437 604 nuperius
457 563 585 594 editum
606 574 672 594 non
692 563 815 594 incerto
836 563 955 595 indicio
974 563 1138 594 credimus
1158 564 1388 605 depravatum.

193 615 233 646 In
254 615 363 656 capite
386 615 608 648 indiculorum
623 617 789 657 sequentis
810 617 917 658 operis
939 626 1124 647 sermonem
1139 615 1237 653 Flori,
1259 627 1360 658 quem
1384 620 1560 648 mutuante
1578 617 1753 648 Heriboldo

101 668 270 710 quondam
283 668 621 700 Autissiodorensium
641 669 818 700 venerabili
839 669 1013 710 episcop0⁶
1033 669 1067 700 in
1088 669 1237 709 synodali
1257 673 1423 700 conventu
1444 670 1533 711 apud
1554 669 1754 702 Bonoilum⁷

102 721 391 762 transcripsimus8
411 725 444 752 et
466 726 540 763 post
560 722 778 753 reversionem
798 722 836 753 de
856 721 1008 753 tumultu
1024 721 1218 752 Brionensi⁹
1237 722 1382 762 quodam
1402 722 1558 754 offerente
1578 722 1692 755 clerico
1713 734 1754 754 ex

51 784 78 804 ιο
102 774 219 806 scrinio
238 773 372 811 Ebonis‚
394 774 478 806 sicut
507 775 575 816 ipse
604 775 743 812 dixerat,
773 773 967 805 venerabilis
987 773 1287 815 Gratianopolitani
1316 775 1493 816 episcopi¹⁰
1521 776 1752 817 accepimusll,

102 828 269 868 integrum
286 827 337 858 hic
357 838 478 868 ponere
496 828 634 868 dignum
652 827 822 865 duximus,
840 827 918 868 quia
937 830 970 857 et
988 827 1233 858 constructione
1251 831 1284 858 et
1303 838 1416 858 sensus
1433 829 1573 860 veritate
1590 833 1687 860 caute
1706 830 1753 860 in-

102 880 199 917 cedit,
219 880 367 921 exceptis
385 880 514 912 duobus
533 880 622 917 locis,
643 881 677 911 in
695 880 816 922 quibus
835 891 913 911 eum
931 880 978 911 ita
996 880 1118 911 dixisse
1138 891 1204 911 non
1222 880 1397 917 credimus,
1417 881 1503 912 sicut
1523 882 1556 912 in
1575 893 1611 912 eo
1631 882 1752 924 scripto

101 933 301 970 invenimus,
315 944 417 974 quem
429 934 469 964 de
483 934 600 965 scrinio
614 932 807 964 venerabilis
818 932 943 964 Ebonis
955 933 1153 974 accepimus,
1167 943 1246 964 cum
1260 933 1294 964 in
1307 933 1379 964 aliis
1393 933 1437 964 sic
1451 933 1608 965 catholice
1621 935 1752 972 dixerit,

103 987 188 1018 sicut
206 985 335 1028 patebit
355 986 549 1027 legentibus.
571 985 716 1018 Maxime
734 986 812 1027 quia
832 986 865 1017 in
886 986 1000 1017 eodem
1015 986 1148 1026 scripte,
1163 996 1263 1026 quem
1283 997 1340 1027 per
1361 997 1480 1017 manus
1499 988 1640 1028 praefati
1661 988 1752 1019 Heri-

52 1049 78 1069 1⁵
102 1039 200 1076 boldi,
219 1039 306 1070 sicut
323 1040 366 1070 ad
384 1050 416 1070 se
434 1050 453 1071 a
471 1039 639 1080 praedicto
650 1039 745 1070 Floro
764 1039 997 1070 transmissum
1015 1039 1213 1079 accepimus,
1232 1038 1326 1070 aliter
1345 1039 1579 1077 invenerimus,
1598 1051 1700 1080 quam
1719 1041 1752 1071 in

101 1093 174 1130 isto,
189 1103 290 1133 quem
311 1096 424 1134 postea
443 1093 643 1134 accepimus,
659 1092 871 1134 reperiamus.
899 1092 971 1129 Qua
991 1092 1030 1122 de
1051 1103 1083 1122 re
1104 1092 1325 1123 immutatum
1344 1092 1384 1122 ab
1404 1091 1514 1133 aliquo
1535 1093 1752 1134 suspicamur.

107 1146 198 1183 Quae
214 1144 294 1182 loca,
305 1149 487 1187 antequam
503 1156 687 1177 sermonem
702 1144 797 1176 illum
813 1144 949 1176 scribere
963 1144 1161 1181 adoriamur,
1175 1144 1357 1186 specialiter
1371 1145 1537 1185 designare
1552 1145 1751 1177 curabimus

99 1198 164 1231 Ubi
178 1198 268 1230 enim
283 1198 410 1230 djcjt123
430 1201 485 1228 Sed
501 1210 572 1236 quos
586 1202 741 1236 praescivit
754 1204 784 1227 et
799 1201 941 1235 praevidit
957 1201 1045 1228 malos
1056 1204 1143 1234 atque
1161 1201 1263 1235 impios
1280 1201 1393 1227 futuros
1410 1202 1524 1235 proprio
1540 1202 1621 1232 vitio,
1632 1203 1691 1235 ipse
1707 1212 1755 1228 eos

102 1255 328 1290 praedestinavit
343 1256 381 1282 ad
397 1259 544 1282 aeternam
555 1255 771 1282 damnationem
787 1256 863 1280 iusto
880 1254 994 1281 iudicio.
1006 1251 1040 1281 in
1056 1250 1111 1281 illa
1128 1250 1236 1282 rotula
1253 1251 1415 1292 scriptum
1431 1250 1580 1288 habetur,
1597 1262 1699 1292 quam
1716 1253 1754 1283 de

51 1314 78 1334 20
103 1304 279 1337 Heriboldo
294 1305 497 1347 accepimus:
516 1307 571 1334 Sed
588 1308 655 1341 quia
669 1316 717 1334 eos
728 1308 881 1341 praescivit
895 1310 926 1333 et
936 1307 1079 1341 praevidit
1090 1307 1179 1334 malos
1194 1310 1281 1340 atque
1297 1308 1400 1341 impios
1415 1307 1527 1333 futuros
1543 1308 1656 1341 proprio
1673 1309 1753 1337 vitio,

102 1361 328 1396 praedestinavit
343 1362 381 1388 ad
397 1365 545 1388 aeternam
561 1361 786 1391 damnationem,
799 1369 855 1394 qua
871 1361 925 1394 ipsi
941 1361 1111 1394 punirentur
1126 1361 1203 1386 iusto
1218 1360 1332 1386 iudicio.
1348 1357 1393 1388 Et
1409 1357 1443 1388 in
1459 1368 1495 1387 eo
1514 1356 1594 1394 1000,
1607 1357 1663 1388 ubi
1679 1358 1753 1388 Scri-

101 1415 200 1453 ptum
216 1411 313 1442 est13:
331 1415 397 1440 Non
413 1415 490 1441 enim
506 1414 552 1440 ille
567 1414 691 1448 aliquem
702 1414 938 1447 praedestinavit,
949 1416 982 1439 ut
1000 1413 1090 1440 malus
1107 1416 1191 1443 esset,
1202 1413 1252 1438 sed
1262 1422 1327 1439 vere
1345 1422 1458 1439 omnem
1476 1414 1582 1439 malum
1599 1415 1752 1448 praedesti-

101 1468 192 1499 navit,
210 1471 244 1494 ut
261 1468 421 1502 impunitus
440 1475 497 1494 non
515 1470 600 1498 esset,
619 1464 808 1495 invenimus
826 1463 861 1494 in
880 1462 999 1500 rotula,
1017 1474 1120 1503 quam
1138 1474 1157 1494 a
1177 1463 1343 1504 praedicto
1356 1462 1531 1494 Heriboldo
1551 1463 1752 1504 accepimus:

102 1520 157 1548 Sed
177 1529 242 1547 vere
258 1521 485 1555 praedestinavit
498 1529 631 1556 poenam,
646 1523 680 1546 ut
693 1520 785 1546 omnis
801 1520 892 1546 malus
912 1520 1072 1553 impunitus
1093 1528 1151 1545 non
1170 1522 1253 1546 esset.
1282 1516 1377 1553 Quod
1398 1516 1431 1546 in
1453 1516 1664 1556 sequentibus
1684 1517 1753 1558 ipse

51 1580 77 1599 ²5
100 1571 305 1602 demonstrat
320 1570 478 1602 dicensn:
498 1574 624 1600 Poenam
637 1582 735 1600 eorum
753 1576 783 1599 et
797 1573 960 1607 praescisse,
976 1573 1043 1606 quia
1054 1573 1130 1598 Deus
1148 1575 1202 1604 est,
1216 1577 1247 1598 et
1264 1572 1498 1606 praedestinasse,
1511 1573 1577 1606 quia
1591 1574 1682 1598 iustus
1700 1576 1752 1599 est.

101 1624 213 1656 Cetera
243 1623 395 1655 catholici
426 1623 554 1654 lectoris
576 1623 695 1655 iudicio
720 1622 988 1664 derelinquimus.
1015 1621 1077 1653 Sed
1102 1622 1219 1653 idcirco
1244 1623 1330 1653 hunc
1356 1633 1539 1653 sermonem
1564 1633 1604 1652 ex
1628 1623 1753 1663 integro

101 1687 219 1718 ponere
235 1677 454 1708 necessarium
467 1676 637 1713 duximus,
658 1675 736 1718 quia
751 1687 791 1707 ex
806 1687 842 1707 eo
857 1675 1014 1707 confictor
1029 1676 1063 1706 in
1078 1675 1229 1717 proximo
1244 1675 1518 1716 subsequentium
1530 1674 1753 1716 capitulorum

99 1730 164 1761 duo
178 1729 326 1771 capitula
336 1730 375 1761 de
390 1730 606 1771 praescientia
616 1734 649 1761 et
664 1729 963 1771 praedestinatione
977 1729 1113 1760 confuso
1124 1732 1157 1759 et
1173 1732 1381 1770 praepostero
1397 1728 1508 1759 ordine
1523 1739 1559 1759 ac
1579 1739 1676 1759 sensu
1696 1727 1752 1759 fal-

101 1783 227 1814 sissimo
243 1783 277 1814 in
288 1794 338 1814 sec
345 1783 430 1814 undo
440 1782 587 1824 capitulo
599 1783 728 1813 studuit
738 1782 926 1823 compilare,
939 1782 1023 1813 sicut
1032 1782 1089 1823 qui
1100 1782 1188 1813 hunc
1203 1786 1236 1812 et
1251 1781 1306 1812 illa
1322 1781 1433 1821 legerit
1448 1785 1559 1822 aperte
1575 1780 1751 1821 intelleget.

51 1854 77 1873 ³0
192 1844 236 1876 Es
256 1844 330 1885 solqc
354 1844 529 1886 (Sirmo‘nd,
549 1844 720 1876 Hincmari
738 1844 892 1886 praefatio
944 1844 1065 1884 Miqne,
1087 1843 1173 1874 Patr.
1192 1844 1243 1874 lat.
1265 1845 1336 1879 125,
1357 1843 1514 1884 57—59).·

82 1890 85 1893 ¹
191 1897 304 1930 Sermo
326 1897 412 1929 Flori
433 1898 472 1929 de
494 1898 803 1939 praedestinatione,
826 1897 910 1928 sicut
932 1902 981 1928 est
1001 1898 1040 1928 de
1059 1897 1183 1928 Ebonis
1204 1897 1320 1927 scrinio
1343 1900 1508 1937 sumptus.

192 1954 380 1988 Omnipotens
401 1954 478 1980 Deus
499 1969 534 1973 -
552 1954 729 1988 inaniloquia
748 1954 883 1980 deserere.
904 1949 1030 1988 Dafrauf
1039 1961 1044 1980 z

189 2003 369 2045 Explicit¹⁵
387 2004 559 2036 Hincmari
577 2004 812 2045 archiepiscopi
822 2004 994 2035 Remensis
1012 2004 1053 2034 ad
1072 2013 1186 2034 omnes
1205 2013 1287 2044 pene
1306 2006 1387 2033 tunc
1406 2002 1565 2044 temporis
1584 2002 1752 2043 episcopos

101 2062 171 2088 tam
186 2056 309 2089 Galliae
328 2067 432 2098 quam
446 2056 588 2088 aliarum
604 2057 849 2098 provinciarum
869 2068 1042 2098 suppresso
1065 2056 1198 2087 nomine
1217 2059 1332 2086 contra
1354 2054 1649 2087 Gothescaloumffl.
1672 2058 1750 2085 tunc

52 2154 78 2174 35
192 2147 217 2178 l)
238 2146 293 2172 Der
314 2146 408 2179 G-rosse.
511 2147 538 2177 2)
564 2141 633 2171 Uber
655 2146 700 2171 ihu
725 2156 746 2171 s.
770 2146 832 2171 oben
850 2145 928 2171 15149
950 2146 984 2170 A.
999 2145 1023 2170 9,
1119 2145 1146 2175 3)
1167 2144 1246 2169 Danu.
1268 2144 1317 2176 vql.
1342 2143 1568 2175 Hesele-Leolercq
1587 2143 1648 2170 III.
1665 2143 1751 2171 1099,-

100 2190 297 2224 Werminyhoff,
323 2190 387 2216 ΜΘ.
412 2190 551 2220 Conc.II,
575 2190 636 2216 220.
732 2192 759 2222 4)
781 2190 870 2215 Hilar.
895 2190 925 2215 de
948 2189 1068 2214 trinitate
1090 2189 1134 2214 [ib.
1149 2188 1203 2215 IL.
1228 2188 1323 2220 Miqne
1337 2187 1373 2215 X,
1397 2188 1439 2213 613¹.
1461 2187 1517 2220 Vql.
1541 2187 1610 2212 auch
1633 2187 1749 2214 Azkuin,

102 2234 201 2260 Contra
218 2235 332 2260 Felicem
358 2235 548 2268 Urqelitanum
566 2235 724 2268 episcopum
743 2234 787 2260 lib.
800 2235 858 2261 VJ..
880 2234 911 2259 M
915 2234 975 2266 iyne
988 2233 1049 2263 101,
1069 2233 1131 2258 206:
1150 2233 1192 2258 Tu
1211 2233 1326 2258 omnino
1346 2232 1556 2265 perversissime
1575 2231 1645 2257 dicis
1664 2231 1748 2264 adop-

102 2282 187 2309 tatur,
208 2279 256 2305 ubi
277 2280 378 2305 beatus
399 2279 524 2305 Hilarius
545 2280 586 2305 ait
606 2279 749 2305 adoratur.
845 2280 872 2309 5)
895 2278 989 2311 Miqne
1002 2278 1064 2304 119.
1080 2277 1164 2310 95ff.,·
1188 2285 1209 2302 8.
1233 2276 1299 2302 auch
1324 2279 1407 2301 11111611
1423 2275 1457 2302 Ζ.
1470 2276 1539 2309 &Off
1568 2276 1624 2308 Vql.
1641 2275 1751 2300 Solu-&rs

102 2323 129 2348 S.
143 2323 232 2356 119s.‚·
250 2324 399 2354 Mmzitius,
413 2323 564 2349 Geschichte
579 2323 625 2349 der
639 2323 730 2349 Zatein.
749 2323 883 2348 [atteratur
896 2322 942 2347 des
965 2322 1135 2347 Mittelalters
1154 2321 1179 2351 I,
1201 2321 1262 2346 564.
1358 2321 1385 2352 G)
1403 2321 1459 2353 Vqr
1482 2320 1547 2345 oben.
1569 2320 1597 2345 S.
1616 2320 1649 2345 51
1673 2320 1706 2344 A.
1722 2319 1745 2344 2.

51 2375 77 2393 40
102 2368 128 2399 7)
148 2367 256 2400 Synode
278 2377 328 2393 von
352 2368 489 2394 Bonneuil
514 2367 636 2401 (Aqust
658 2368 736 2400 855).
757 2367 812 2399 1³91.
830 2366 1029 2399 ll'erminqhoff.
1050 2366 1140 2391 Neues
1153 2365 1254 2391 Archiv
1265 2365 1308 2394 26,
1329 2365 1389 2390 621.
1485 2366 1512 2396 8)
1534 2364 1597 2397 Dass
1611 2364 1748 2389 Hinkmar

100 2411 151 2437 den
169 2412 261 2438 Sermo
279 2412 324 2438 des
341 2413 441 2438 Florus
459 2421 507 2438 vovi
531 2412 642 2444 Bischof
656 2411 784 2437 Heribold
802 2420 848 2436 1ὀί]
865 2411 986 2436 Αὐπεννθ
1002 2410 1103 2437 erhielt.
1117 2409 1238 2435 berichtet
1250 2418 1278 2434 er
1289 2409 1359 2434 auch
1375 2409 1405 2434 in
1418 2418 1439 2434 c.
1453 2409 1468 2434 6
1484 2408 1530 2434 (les
1545 2408 1648 2434 Werlces
1664 2408 1749 2437 selbst,

103 2456 197 2489 Miqne
214 2456 276 2487 125,
293 2457 344 2482 91:
376 2457 438 2483 Hoc
462 2456 619 2490 capitulum
646 2471 681 2474 —-
706 2471 749 2484 ——.
781 2455 856 2488 quod
882 2455 948 2480 olim
974 2455 1003 2480 in
1029 2454 1147 2479 Bonoilo
1174 2463 1190 2479 a
1216 2453 1393 2479 venerandae
1419 2453 1569 2479 memoriae
1597 2451 1750 2477 Heriboldo

101 2501 230 2534 episcopo
256 2501 486 2526 Autisiodorense
513 2501 686 2534 accepimus:
714 2500 810 2532 illique
835 2500 896 2527 125.
915 2499 966 2524 92:
990 2498 1083 2524 rotula
1107 2508 1124 2524 a
1142 2498 1296 2523 Heriboldo
1321 2500 1446 2530 accepta.
1563 2497 1591 2528 9)
1616 2491 1684 2521 Uber
1707 2496 1743 2520 dir

100 2544 195 2570 Flucht
213 2545 297 2571 Karls
313 2545 359 2571 des
377 2545 485 2571 Καὴκὶη1
503 2545 543 2571 bei
564 2545 681 2570 Brienne
702 2543 865 2576 (November
881 2544 949 2575 858)
970 2543 1019 2575 rql.
1033 2543 1145 2568 Schrfflrs
1163 2543 1191 2568 S.
1207 2542 1255 2572 79‚·
1274 2542 1415 2567 Dummler
1426 2541 1443 2566 Ι
1449 2542 1468 2571 ²,
1483 2541 1545 2570 2132,-
1564 2540 1748 2566 Mthlbacher.

50 2595 80 2613 45
105 2588 245 2622 Reqesteffl
263 2598 289 2615 n.
304 2590 373 2615 1435
392 2590 409 2615 l.
507 2590 550 2621 10)
571 2590 599 2615 S.
619 2589 684 2614 oben
697 2589 725 2614 S.
741 2588 773 2613 44
788 2588 821 2613 A.
836 2588 860 2613 2.
956 2588 999 2619 11)
1017 2587 1073 2620 Vql.
1088 2586 1158 2612 auchr
1178 2595 1199 2612 c.
1214 2587 1229 2612 6
1250 2586 1295 2611 cles
1314 2586 1427 2615 Werkes,
1444 2585 1539 2617 Miqne
1551 2585 1613 2613 1:25,
1628 2584 1679 2609 952:
1702 2583 1749 2609 illa

102 2633 227 2665 (rotula),
242 2642 329 2667 quam
348 2643 384 2659 ex
405 2634 507 2660 scrinio
523 2634 628 2659 Ebonjs
642 2633 767 2666 episcopi
784 2631 1041 2664 Gratianopolitani
1058 2639 1107 2664 per
1124 2630 1266 2664 quendam
1278 2631 1451 2663 accepimus;
1469 2629 1525 2654 und
1537 2628 1639 2658 rotula,
1654 2637 1747 2661 quam.

102 2677 174 2703 siout
189 2678 298 2703 dictum
313 2681 367 2708 est,
384 2687 419 2703 ex
435 2678 537 2704 scrinio
556 2678 661 2703 Ebonis
678 2677 847 2710 accepimus.
944 2675 987 2706 12)
1009 2675 1104 2708 Miqne
1124 2675 1185 2705 119,
1198 2675 1242 2704 98,
1261 2683 1300 2700 wo
1317 2674 1390 2699 beide
1407 2673 1566 2705 Fassunqoen
1591 2671 1746 2705 abyedruckt

103 2721 164 2746 siml
277 2723 321 2754 13)
341 2723 375 2748 A.
389 2731 414 2748 α.
426 2722 456 2748 Ο.
483 2722 544 2749 119.
564 2722 607 2747 99.
722 2722 765 2753 14)
786 2721 820 2746 A.
833 2729 858 2745 a.
871 2720 901 2745 O.
1013 2721 1056 2751 15)
1077 2719 1155 2745 Nach
1172 2718 1411 2751 Hefele-Leclercq
1427 2718 1476 2745 IV,
1493 2717 1545 2742 222
1562 2718 1596 2741 *ist
1612 2725 1646 2741 an
1664 2716 1748 2740 dieser

103 2766 178 2791 Stelle
195 2766 240 2792 ein
253 2766 329 2798 Bries
346 2766 499 2792 Hinlcmars
515 2765 688 2799 ausqesallen.
709 2766 829 2797 Daqeqen
850 2764 910 2796 Iieqt
930 2763 996 2789 nach.
1010 2763 1120 2788 Sobria-s
1133 2763 1161 2788 S.
1175 2763 1225 2788 141
1235 2763 1253 2794 s.
1273 2763 1306 2788 A.
1321 2762 1354 2787 47
1370 2771 1423 2787 usur
1439 2761 1481 2786 «lie
1493 2760 1656 2786 rirrttmliehe
1668 2759 1748 2784 Notis

55 2814 81 2834 60
103 2809 174 2835 eines
192 2810 378 2836 Abschreibers
396 2819 448 2836 ror.
547 2811 590 2841 16)
608 2810 664 2842 Vql.
684 2810 746 2834 cheu
767 2810 795 2834 S.
810 2810 826 2834 8
846 2809 880 2834 A.
895 2809 919 2833 15.
