2220 3192
359 290 430 318 860.

249 331 296 355 Vgl.
306 333 323 350 1.
333 331 380 351 Pet».
388 330 447 355 3,15.

285 363 349 382 Prov.
364 363 397 385 11,
408 363 444 383 2⁶,

246 1208 293 1231 vgi,
306 1208 373 1227 Dent.
383 1209 444 1229 1,17.

318 1314 360 1333 iet.
373 1315 393 1337 4,
406 1315 440 1332 31».

266 1792 348 1811 Matth.
362 1792 395 1814 10,
408 1792 442 1810 20.

286 1873 303 1890 l.
316 1871 374 1891 Tim.
387 1872 407 1893 2,
421 1872 441 1889 4.

292 1898 340 1921 vgl.
357 1897 441 1917 Matth.

325 1925 359 1947 18,
371 1924 405 1943 14.

290 2025 295 2032 Δ
314 2004 362 2024 loll.
375 2004 394 2026 Β,
407 2004 433 2022 47

297 2058 347 2077 Luc.
362 2058 396 2081 10,
409 2057 442 2075 16.

247 2110 294 2134 Vgl.
306 2110 354 2130 Ioh.
365 2111 389 2129 ll
395 2125 400 2134 ‚
408 2110 443 2128 3st

308 2150 389 2170 Ezech.
408 2150 443 2173 36,

329 2176 364 2200 26,
381 2177 416 2195 27,

296 2323 346 2342 Luc.
361 2323 394 2343 10.
410 2322 442 2341 1⁴3.

315 2376 359 2395 [oh.
374 2376 395 2399 8,
406 2377 442 2394 017.

246 2522 293 2545 Vgl.
308 2522 365 2544 Eph.
377 2522 398 2545 5,
407 2523 442 2540 21.

246 2548 293 2571 Vgl.
302 2548 442 2572 2.Cor.13‚3.

263 2588 311 2611 Vgl.
326 2589 345 2607 1.
357 2587 408 2607 Cor.
422 2589 442 2607 7.

309 2641 359 2660 Luc.
373 2642 393 2663 9,
407 2642 442 2661 203.

458 210 498 239 80
1028 206 1212 233 HINKMAR
1233 206 1310 231 VON
1332 204 1451 230 REIMs
1475 206 1533 230 134.

458 302 560 343 possis
574 301 677 332 dard:
693 304 725 330 ot
743 310 798 339 per
812 298 909 328 beatu
916 308 946 328 111
966 296 1101 326 Petrum
1116 294 1266 338 ecclesiae
1282 304 1358 324 suae
1374 293 1469 324 iussit
1486 293 1675 331 rectoribus,
1692 297 1730 324 ut
1746 294 1855 334 parati
1870 294 1936 324 sint
1950 294 1991 325 ad
2008 294 2100 325 satis-

460 355 634 386 factionem
653 352 742 383 omni
762 349 907 391 poscenti
927 360 958 379 se
978 348 1139 378 rationem
1158 347 1298 377 reddere.
1325 346 1490 383 Quoniam
1507 346 1577 386 ‘qui
1594 346 1766 377 abscondit
1785 346 1976 381 frumenta’,
2002 347 2034 378 id
2052 351 2100 378 est

456 408 537 438 sacri
557 406 677 445 eloquii
698 405 904 437 documenta,
926 400 1145 432 ‘maledicitur
1171 400 1204 430 in
1226 398 1368 440 populis,
1389 398 1572 430 benedictio
1593 402 1707 430 autem
1726 399 1862 430 Domini
1883 410 1980 441 super
1999 404 2100 441 caput

455 457 696 491 ven‹l‹·nti11n1';
718 456 794 495 quia
817 455 934 485 docens
956 464 1004 486 ea,
1033 463 1117 493 quae
1139 453 1281 484 Domino
1310 452 1446 482 docente
1467 452 1592 489 didicit,
1625 453 1782 484 maiorem
1803 453 1939 484 docendi
1961 453 2101 493 gratiam

456 516 487 542 et
515 512 581 551 ipse
611 508 784 540 merebitur
809 507 849 537 ab
876 505 1092 542 auditoribus,
1127 506 1272 546 pretium
1306 505 1380 536 fidei
1413 509 1445 535 et
1470 505 1682 536 confessionis
1707 505 1878 546 recipiens,
1905 509 1942 536 ut
1969 505 2100 537 illorum

458 562 686 605 petitionibusa
713 560 901 590 nullatenus
922 559 1161 599 neglegeremus
1181 569 1285 599 neque
1304 557 1586 589 dissimularemus
1604 562 1664 589 aut
1684 558 1743 589 sub
1762 558 1872 599 aliqua
1892 559 2102 590 excusatione

454 616 685 647 ‹liffi³1*rem11s'’,
707 613 758 643 sed
779 612 975 653 quantotius
992 612 1104 643 tacitis
1123 623 1237 643 eorum
1258 611 1456 647 nominibus,
1484 623 1503 642 a
1528 611 1650 651 quibus
1673 612 1750 642 haec
1778 612 1944 653 proposita
1971 612 2102 643 fuerant

454 669 636 709 quibusque
654 667 692 697 de
713 665 888 707 propositis
907 665 1164 701 rescriberemus,
1183 676 1267 705 quae
1283 676 1323 695 ex
1343 664 1393 695 his
1415 664 1597 695 secundum
1616 665 1855 705 scripturarum
1868 665 2102 696 auctoritatem

455 726 488 752 et
501 720 735 752 catholicorum
751 722 886 760 patrum
900 719 1085 750 doctrinam
1102 718 1194 749 nobis
1204 719 1367 750 Dominus
1381 718 1516 754 dederit,
1530 728 1586 758 per
1601 717 1739 758 singula,
1751 718 1836 749 sicut
1852 722 2100 759 proposuerant,

457 774 644 815 respondere
667 772 808 803 breviter
832 772 1048 803 studeremus.
1078 772 1125 802 De
1147 771 1268 812 quibus
1296 771 1431 802 scribere
1455 770 1535 802 nihil
1556 770 1726 807 vellemus,
1751 771 1805 802 sed
1826 771 1879 802 vel
1901 772 2103 812 sapientium

453 827 636 858 doctrinam
664 825 775 856 audire
798 824 851 855 vel
878 835 962 865 quae
986 825 1148 856 sentimus
1168 825 1266 855 verbo
1293 828 1429 856 tantum
1453 824 1635 855 enuntiare.
1663 824 1707 854 Et
1735 825 1761 855 si
1786 828 1856 855 erat
1882 823 2100 862 scribendum,

456 882 535 911 forte
570 889 737 920 possemus
768 878 1003 918 congruentius
1027 878 1155 909 dicendi
1187 879 1337 909 ordinem
1363 882 1482 913 texere,
1512 878 1538 908 si
1565 877 1685 908 talium
1711 888 1748 908 ac
1775 881 1948 909 tantorum
1974 878 2101 908 adiura-

454 934 579 964 tionem
598 932 816 962 voluissemus
835 935 896 962 aut
916 930 1134 962 valuissemus
1155 931 1330 971 neglegere.

542 985 637 1016 Unde
658 985 801 1025 legentes
820 984 910 1020 haec,
930 995 1015 1024 quae
1036 985 1074 1015 de
1096 985 1218 1015 sanctis
1239 985 1410 1025 scripturis
1431 988 1463 1014 et
1484 988 1620 1025 patrum
1640 983 1874 1014 traditionibus
1895 995 2009 1015 eorum
2029 995 2101 1025 pro-

455 1038 673 1081 positionibus
694 1037 917 1074 rescribemus,
940 1048 1005 1068 non
1028 1048 1086 1068 nos
1105 1038 1145 1068 de
1165 1038 1417 1079 responsionum
1437 1037 1549 1068 ordine
1571 1037 1756 1068 inordinato
1778 1041 1990 1068 succenseant
2011 1042 2054 1074 et,
2077 1038 2102 1068 si

453 1093 494 1123 ad
512 1092 604 1127 talia,
621 1102 706 1132 quae
723 1091 764 1122 ad
782 1091 865 1121 hanc
884 1091 1047 1122 rationem
1066 1091 1214 1122 fortassis
1231 1102 1295 1121 non
1315 1091 1493 1132 pertinent,
1513 1101 1627 1121 eorum
1645 1091 1743 1121 tracti
1760 1090 2009 1130 quaestionibus
2026 1091 2100 1121 diri-

453 1153 598 1179 vamusss,
616 1156 681 1175 non
698 1155 757 1174 nos
772 1155 830 1185 pro
847 1143 1076 1185 superfluitate
1092 1144 1257 1185 refugiant
1272 1154 1378 1184 neque
1395 1148 1524 1175 nostrae
1541 1143 1739 1175 sinceritatis
1754 1143 2000 1185 responsionem
2014 1144 2100 1184 quis-

457 1210 559 1239 quam
578 1199 618 1229 ad
639 1198 793 1228 iniuriam
814 1197 864 1228 sui
883 1196 1102 1238 ret01·queat‘³;
1132 1198 1290 1238 quoniam
1310 1208 1368 1227 nos
1386 1197 1466 1228 dicti
1485 1197 1643 1228 dominici
1664 1207 1836 1228 memores:
1857 1195 1942 1227 ‘Non
1961 1197 2103 1238 accipias

456 1263 628 1293 personam
646 1251 679 1281 in
698 1250 827 1281 iudicio’
854 1254 886 1280 et
911 1251 993 1281 item
1009 1251 1153 1281 (licentes
1171 1254 1302 1281 sanctos
1318 1250 1494 1291 apostolos,
1513 1261 1666 1291 quorum,
1686 1250 1760 1280 licet
1779 1250 1915 1290 indigni,
1933 1250 2020 1281 vices
2036 1250 2101 1291 agi-

458 1316 540 1337 mus.
568 1315 624 1345 pro
646 1303 777 1335 modulo
798 1308 908 1334 nostro
934 1303 1249 1335 imitantes—‘non
1265 1304 1377 1339 enim',
1403 1304 1571 1344 inquiunt,
1594 1303 1784 1345 ‘possumus
1807 1314 1891 1344 quae
1914 1303 2104 1334 audivimus

455 1363 486 1389 et
495 1358 640 1389 vidimus
651 1368 716 1388 non
728 1356 827 1397 loqui’
842 1357 933 1387 —-de
948 1357 1069 1397 quibus
1085 1357 1275 1398 interrogati
1291 1368 1406 1388 sumus
1423 1367 1487 1387 non
1505 1361 1626 1393 nostra,
1639 1357 1693 1387 sed
1707 1356 1761 1387 vel
1776 1357 1957 1397 scripturae
1971 1357 2102 1388 divinae

454 1411 504 1442 vel
523 1422 635 1442 eorum
652 1411 751 1447 dicta,
771 1420 827 1451 per
843 1420 926 1450 quos
942 1410 1105 1441 Dominus
1122 1409 1252 1441 locutus
1269 1414 1318 1441 est
1336 1414 1367 1440 et
1384 1421 1403 1440 a
1420 1409 1541 1450 quibus
1559 1409 1613 1440 illa
1630 1410 1817 1446 didicimus,
1837 1413 1935 1450 prout
1953 1410 2102 1450 permisit

455 1465 597 1495 brevitas
621 1463 779 1504 temporis
811 1467 844 1493 et
876 1464 1016 1494 occurrit
1044 1464 1229 1499 memoriae,
1257 1463 1432 1504 propositis
1456 1463 1716 1503 quaestionibus
1743 1463 1845 1494 immo
1870 1463 2101 1503 quaerentium

456 1516 743 1559 propositionibus,
774 1517 1024 1557 praemittentes
1058 1528 1141 1557 quae
1178 1517 1468 1557 interrogaverant,
1498 1516 1716 1547 solutionibus
1745 1517 1813 1547 sine
1841 1516 2027 1547 adolatione.
2055 1527 2101 1547 re-

455 1571 611 1612 spondere
632 1570 831 1600 curavimus
853 1570 896 1600 Et
918 1570 1035 1601 idcirco
1055 1569 1248 1611 generaliter
1267 1570 1307 1601 ad
1329 1580 1442 1600 omnes
1463 1570 1664 1610 scripsimus,
1685 1570 1763 1610 quia
1783 1570 1825 1601 ad
1845 1569 1999 1600 omnium
2018 1570 2100 1600 ordi-

456 1635 538 1655 num
561 1634 714 1664 personas
735 1634 870 1654 causam
893 1623 1053 1664 pertinere
1075 1623 1290 1663 cognovimus
1312 1627 1344 1653 et
1367 1634 1419 1653 eos
1442 1623 1586 1663 prodere,
1609 1623 1666 1663 qui
1690 1622 1783 1653 nobis
1806 1623 1973 1663 proposita
1995 1626 2101 1653 trans-

458 1677 627 1709 miserunt,
643 1676 797 1718 prohibiti
811 1687 887 1707 cum
898 1676 1104 1707 adiuratione
1119 1677 1319 1717 praescripta
1333 1687 1458 1706 sumus.
1473 1676 1537 1706 Det
1550 1679 1664 1707 autem
1677 1676 1840 1706 Dominus
1854 1676 1887 1706 in
1901 1687 1937 1706 os
1950 1679 2103 1707 nostrum

456 1740 639 1761 sermonem
657 1730 820 1760 directum
839 1733 871 1760 et
890 1729 971 1760 bene
992 1733 1175 1766 sonantem,
1198 1733 1235 1760 ut
1256 1729 1419 1770 possimus
1437 1729 1477 1760 ad
1497 1740 1546 1763 ea,
1565 1729 1604 1759 de
1623 1729 1744 1769 quibus
1763 1729 1955 1769 interrogati
1975 1740 2101 1766 sumus,

456 1783 687 1814 convenienter
709 1782 842 1813 collecta
867 1783 1007 1824 proferre
1029 1783 1127 1814 verba
1151 1794 1275 1819 eorum,
1298 1782 1418 1823 quibus
1439 1782 1603 1813 Dominus
1625 1782 1719 1813 dicit:
1742 1782 1828 1813 ‘Non
1851 1793 1909 1812 vos
1932 1783 2020 1819 estis,
2045 1783 2101 1823 qui

456 1836 639 1877 loquimini,
657 1836 710 1866 sed
727 1836 861 1876 spiritus
877 1837 980 1877 patris
993 1836 1104 1873 vestri,
1120 1837 1177 1876 qui
1192 1836 1338 1876 loquitur
1356 1836 1388 1866 in
1404 1835 1519 1866 vobis'.
1537 1835 1601 1866 Det
1618 1835 1719 1866 etiam
1735 1836 1840 1873 gratia
1857 1835 1983 1866 domini
2001 1836 2103 1866 nostri

457 1890 531 1920 Iesu
552 1889 682 1925 Christi,
703 1889 772 1929 ‘qui
792 1888 865 1919 vult
886 1900 1000 1920 omnes
1020 1890 1168 1925 homines
1189 1889 1296 1920 salvos
1317 1888 1394 1919 fieri'
1418 1892 1449 1918 et
1471 1889 1638 1919 neminem
1657 1888 1732 1919 vult
1754 1889 1866 1929 perire.
1890 1892 1927 1919 ut
1949 1888 2102 1929 placeant

457 1954 513 1984 per
530 1946 656 1972 nostrae
672 1942 870 1973 humilitatis
885 1943 1079 1974 servitutem
1093 1943 1180 1973 dicta
1197 1946 1387 1974 sanctorum
1404 1946 1558 1982 excerpta
1578 1942 1611 1972 in
1628 1946 1806 1982 conspectu
1825 1942 2035 1973 audientium
2053 1953 2101 1978 ea,

439 1995 577 2035 quibus
596 1994 787 2035 generaliter
806 1995 895 2026 Deus
914 1996 1008 2026 dicit:
1029 1995 1113 2032 ‘Qui
1134 1999 1183 2026 est
1203 2006 1244 2026 ex
1263 1995 1342 2031 Deo,
1362 1994 1460 2025 verba
1481 1995 1540 2026 Dei
1560 1995 1677 2031 audit’,
1703 1995 1824 2035 quique
1845 1994 2015 2036 discipulis
2036 1995 2103 2026 suis

457 2048 557 2079 dixit:
580 2047 664 2085 ‘Qui
682 2058 740 2078 vos
762 2048 866 2084 audit,
890 2060 940 2080 me
962 2049 1084 2086 au‹lit';
1108 2053 1141 2079 et
1164 2052 1330 2080 removeat
1352 2048 1392 2079 ab
1416 2048 1568 2079 omnium
1590 2048 1800 2079 audientium
1823 2049 1975 2079 interiore
1997 2048 2103 2079 cordis

457 2101 575 2132 auditu
596 2100 791 2131 obaudiendi
811 2101 980 2138 duritiam,
997 2102 1055 2142 qui
1076 2102 1171 2133 iussit
1186 2112 1350 2133 removere
1370 2112 1389 2132 a
1411 2100 1581 2142 sepulchro
1603 2101 1716 2132 Lazari
1738 2100 1899 2142 lapidem;
1919 2105 1952 2132 et
1972 2102 2102 2132 auferat

458 2153 683 2186 inoboediendi
702 2154 897 2191 vecordiam,
916 2155 974 2195 qui
993 2155 1072 2186 olim
1092 2155 1286 2197 promiserat
1305 2165 1362 2196 per
1382 2154 1591 2195 prophetam:
1610 2154 1781 2185 ‘Auferam
1799 2166 1817 2185 a
1836 2153 1929 2185 vobis
1946 2166 2001 2185 cor
2020 2154 2100 2195 lapi-

456 2208 556 2238 deum
576 2210 608 2237 et
627 2206 710 2237 dabo
730 2206 822 2237 vobis
840 2218 894 2238 001
912 2219 1079 2239 carneum.
1101 2208 1144 2239 Et
1165 2209 1320 2249 spiritum
1342 2218 1453 2239 meum
1474 2217 1596 2248 ponam
1615 2208 1649 2237 in
1672 2207 1777 2238 medio
1796 2207 1896 2238 vestri
1916 2211 1949 2238 et
1970 2208 2100 2244 faciam,

459 2264 495 2290 ut
510 2260 543 2290 in
558 2260 740 2300 praeceptis
755 2260 834 2290 meis
847 2260 1024 2292 ambuletis
1037 2265 1069 2292 et
1084 2261 1202 2292 iudicia
1219 2272 1290 2292 mea
1302 2260 1497 2291 custodiatis
1510 2264 1542 2291 et
1556 2260 1760 2301 operemini’‚
1776 2271 1815 2290 ne
1830 2261 1886 2297 eis,
1899 2261 1988 2301 quod
2002 2260 2100 2297 absit,

457 2312 770 2353 contempnentibus
788 2317 978 2345 sanctorum
996 2325 1131 2345 suorum
1148 2313 1294 2351 consilia,
1312 2314 1432 2354 quibus
1449 2314 1592 2344 dixerat:
1609 2312 1695 2350 ‘Qui
1711 2324 1769 2344 vos
1788 2314 1924 2354 spernit,
1946 2325 1996 2345 me
2015 2325 2100 2355 sper-

458 2366 531 2400 nit',
547 2365 635 2405 quod
652 2369 700 2395 est
715 2365 809 2396 valde
825 2366 967 2397 terribile
983 2367 1085 2398 (licatt
1102 2367 1292 2408 ‘Propterea
1308 2378 1367 2397 vos
1383 2378 1448 2397 non
1464 2366 1610 2403 auditis’,
1628 2367 1659 2397 id
1677 2370 1725 2397 est
1742 2377 1808 2396 non
1825 2366 1994 2403 oboeditis,
2011 2366 2101 2407 ‘quia

457 2429 497 2449 ex
519 2419 586 2449 Deo
609 2429 674 2448 non
696 2419 795 2449 estis’.

547 2471 590 2501 Et
610 2482 704 2502 nemo
725 2482 783 2502 nos
801 2476 927 2502 execret
948 2473 1151 2513 impudicose
1167 2474 1206 2504 de
1224 2473 1412 2504 huiusmodi
1428 2472 1672 2514 impudicitiis&
1688 2483 1771 2513 quas
1787 2473 1989 2504 verecundae
2007 2483 2101 2503 aures

458 2524 673 2555 erubescendo
698 2524 876 2564 refugiunt,
902 2526 1165 2563 sermocinantes,
1191 2526 1267 2567 quia
1291 2526 1409 2557 timore
1435 2526 1564 2562 Christi,
1587 2535 1688 2565 quem
1712 2525 1747 2556 in
1771 2536 1803 2556 se
1827 2525 1977 2557 locutum
2003 2526 2100 2556 fuisse

456 2578 613 2608 veraciter
633 2577 729 2613 dixit,
747 2577 869 2608 Paulus
890 2578 974 2608 inter
993 2578 1056 2609 alia
1076 2579 1115 2609 de
1136 2579 1258 2610 ‘talibus
1277 2577 1484 2620 disputavitf,
1500 2578 1566 2615 illa,
1588 2589 1671 2618 quae
1691 2589 1732 2609 ex
1753 2578 1961 2619 interrogatis
1982 2579 2100 2609 sentire

459 2631 650 2671 poterimus,
675 2641 884 2670 nequaquam
906 2635 1010 2662 tacere
1032 2632 1236 2669 audebimus,
1259 2635 1402 2663 terrente
1424 2642 1483 2662 nos
1504 2642 1540 2662 eo
1562 2634 1662 2671 atque
1683 2631 1826 2662 dicente:
1848 2631 1933 2669 ‘Qui
1957 2643 2008 2663 me
2030 2643 2099 2662 eru-

546 2757 569 2783 a)
583 2756 616 2777 So
630 2754 663 2781 Β,
678 2755 795 2778 melleam
807 2758 863 2778 stult
876 2757 1021 2786 petitiones.
1104 2756 1127 2782 ¹³1
1143 2757 1224 2779 Eriza-J«-
1238 2765 1248 2779 1·
1263 2757 1409 2786 zibmyesclzr.
1426 2757 1455 2780 B.
1535 2759 1557 2785 Β)
1572 2755 1636 2779 serlo.
1649 2764 1696 2779 nus
1709 2756 1857 2779 ‹lvi-ivamus
1872 2757 1901 2779 B.
1986 2755 2010 2783 ⁶¹)
2024 2755 2099 2780 Verh„

459 2799 516 2821 wohl
533 2807 579 2821 art-s
596 2801 761 2828 rutmrqueant
785 2799 812 2822 Ιί.
903 2800 926 2827 ⁰)
947 2800 989 2822 1111-
1013 2800 1072 2823 rcrlt.
1098 2801 1125 2823 Β,
1221 2800 1239 2826 f)
1260 2801 1440 2825 Kouslrnklion
1462 2801 1604 2831 seltlerlmlt;
1624 2801 1773 2831 sinnqemiiss
1794 2801 1853 2824 wohl
1872 2804 1932 2824 ctu-a
1952 2801 2097 2831 disputans.

2130 782 2157 802 10

2130 1049 2156 1067 1⁵

2127 1846 2157 1866 80

2127 2111 2154 2132 35
2199 2119 2202 2124 ·

2125 2642 2153 2662 45
