2220 3192
58 763 84 783 10

54 1045 80 1066 15

51 1311 77 1331 80

50 1577 76 1598 85

48 1843 76 1864 80

49 2107 76 2129 85

47 2391 73 2411 40

684 208 869 235 HINKMAR
890 209 967 236 VON
987 209 1106 236 REIMS
1129 211 1187 236 141.
1694 210 1752 240 Ill

108 298 191 324 trina.
208 297 310 323 Restat
324 297 412 331 igitur
425 301 455 323 et
470 303 609 331 superest,
624 303 657 325 ut
670 300 719 331 illi,
735 302 782 334 qui
796 305 864 327 sunt
876 303 1065 336 grammatici,
1080 303 1103 328 si
1117 303 1218 330 nolunt
1232 312 1291 329 esse
1305 304 1389 330 simul
1402 307 1432 329 et
1445 303 1588 335 haeretici,
1604 313 1660 330 non
1675 313 1752 338 prae-

103 354 219 377 sumant
234 349 319 376 fateri
333 350 363 375 in
379 350 499 376 ecclesia
515 352 623 378 veracis
640 352 701 383 Dei,
719 354 849 380 veritatis
865 354 927 386 Dei,
944 356 1003 381 veri
1020 356 1081 386 Dei,
1099 356 1175 389 quod
1192 357 1365 388 tritheoteia,
1381 356 1412 382 id
1427 360 1471 383 est
1486 357 1562 383 trina
1578 357 1679 388 deitas,
1696 358 1753 384 ulla

103 404 212 429 ratione
230 402 347 436 pluralis
364 403 470 429 existat
489 404 608 435 numeri,
628 413 692 431 cum
709 406 755 436 sit,
774 410 808 432 ut
825 407 921 438 claret,
940 409 1038 442 utique
1056 409 1214 442 singularis,
1233 409 1312 435 velut
1329 414 1471 436 noverunt
1488 410 1622 441 universi,
1641 411 1688 444 qui
1708 411 1752 436 vel

105 455 282 483 mediocriter
298 456 368 482 artis
384 457 588 489 grammaticae
606 461 674 483 sunt
692 459 774 491 periti
804 459 884 486 Sicut
899 461 975 486 enim
993 461 1069 487 Deus
1086 462 1200 489 trinitas
1217 463 1327 489 numeri
1344 463 1493 497 singularis
1509 467 1554 489 est
1569 464 1651 490 iuxta
1668 463 1751 490 illud:

105 509 259 535 Benedicta
271 509 310 534 sit
322 512 422 535 sancta
435 509 558 539 trinitas,
573 510 612 536 sic
624 511 713 536 etiam
725 512 836 537 numeri
848 513 997 546 singularis
1009 517 1053 539 est
1066 514 1230 542 tritheoteia
1243 516 1318 542 trina
1331 515 1431 542 deitas.
1446 516 1516 542 Cum
1529 519 1627 543 tamen
1640 520 1752 543 constet

101 564 216 588 econtra
233 562 343 588 numeri
360 561 476 595 pluralis
493 562 678 588 Arrianorum
693 572 753 589 esse
770 564 958 596 tritheoteias,
975 566 1004 591 id
1019 569 1063 592 est
1079 569 1136 593 tres
1152 568 1302 599 deitatesss,
1319 578 1336 594 a
1352 569 1498 596 catholicis
1513 570 1573 595 iure
1589 569 1751 601 damnatas,

101 615 186 648 igitur
204 615 264 640 iure
284 614 338 640 sub
358 623 476 640 numero
496 615 632 648 singulari
653 616 746 642 trinae
765 621 795 642 et
815 618 863 643 uni
883 617 986 644 deitati
1005 619 1178 653 suppliciter,
1200 621 1279 646 velut
1298 622 1422 655 expedit,
1444 623 1590 656 competit,
1611 623 1750 656 congruit,

102 668 234 694 dicimus:

608 703 647 729 Te
667 705 745 730 trina
764 704 856 731 deitas
876 714 990 739 unaque
1011 707 1162 740 poscimus,

614 757 655 782 Ut
675 757 772 790 culpas
792 757 902 788 abluas,
922 759 1009 785 noxia
1028 759 1189 790 subtrahas,

613 809 670 835 Des
690 818 790 843 pacem
810 810 932 841 famulis,
954 820 1005 837 nos
1025 820 1138 846 quoque
1158 812 1276 846 gloriam

668 863 720 889 Per
739 867 843 889 cuncta
862 864 915 889 tibi
935 864 1056 890 saecula.
1078 865 1177 891 Amen.

101 933 165 959 Non
185 933 261 959 enim
281 932 402 959 dicimus
423 934 496 959 sicut
516 933 641 959 Arriani:
663 934 719 960 Vos
741 937 798 961 tres
819 934 940 961 deitates
962 936 1112 969 poscimuS,
1134 939 1166 962 ut
1188 936 1284 971 culpas
1305 937 1437 970 abluatis,
1458 940 1543 966 noxia
1563 941 1749 973 subtrahatis,

101 985 174 1012 detis
188 993 288 1020 pacem
302 986 393 1017 nobis,
409 995 460 1012 nos
476 994 588 1020 quoque
603 986 721 1020 gloriam
736 987 826 1013 vobis.
843 987 866 1013 O
881 987 982 1019 deitas,
998 988 1092 1022 vigila,
1108 997 1180 1023 quae
1195 990 1271 1016 trina
1284 992 1394 1017 vocaris
1408 995 1437 1017 et
1451 1000 1517 1023 una,
1533 993 1660 1024 crederis,
1676 1003 1748 1020 asse-

100 1039 175 1070 reriS‚
194 1039 370 1072 cognosceris
387 1042 474 1073 atque
492 1039 629 1073 probaris,
647 1040 783 1066 auxiliare
801 1041 858 1066 tuis
876 1044 908 1066 ut
925 1041 1040 1075 egenisb
1064 1042 1099 1068 ad
1118 1043 1213 1069 omnia
1230 1043 1326 1069 servis.
1344 1043 1427 1070 Istud
1444 1045 1586 1076 attendat,
1604 1047 1749 1081 appendat

100 1095 130 1118 et
148 1097 242 1118 mente
261 1092 429 1126 perpendat,
450 1093 494 1119 cui
513 1101 623 1127 semper
641 1093 796 1124 adoranda,
823 1094 950 1125 colenda,
977 1095 1124 1121 tremenda
1142 1096 1218 1122 trina
1236 1099 1266 1122 et
1285 1105 1341 1122 una
1360 1097 1451 1124 deitas
1470 1098 1529 1129 dat,
1550 1099 1625 1132 quod
1645 1099 1689 1126 hic
1707 1101 1747 1125 in-

99 1144 248 1172 serendum
267 1147 359 1179 pietas
378 1145 474 1172 illiusc
491 1147 612 1180 inspirat
630 1152 659 1172 et
678 1146 776 1172 donat.
802 1146 884 1178 Quod
900 1147 1040 1179 videlicet,
1055 1149 1129 1174 sicut
1148 1157 1379 1183 unamquamque
1397 1159 1433 1176 ex
1451 1151 1580 1178 trinitate
1600 1160 1749 1186 personam

99 1198 224 1232 quisquis
242 1201 286 1224 est
301 1198 457 1225 catholicus
475 1199 565 1225 credit
582 1202 611 1225 et
629 1199 783 1226 confitetur
799 1201 952 1234 integrum,
971 1201 1094 1234 plenum,
1114 1202 1271 1235 perfectum
1289 1204 1402 1236 penitus
1420 1204 1523 1235 Deum,
1540 1205 1580 1230 sic
1598 1206 1747 1239 unicuique

99 1260 233 1286 personae
255 1260 337 1278 suam
360 1253 505 1285 propriam
526 1252 664 1278 deitatem
693 1254 844 1286 integram,
874 1253 996 1287 plenam,
1026 1254 1181 1288 perfectam
1203 1256 1316 1289 penitus
1337 1256 1427 1282 inesse
1449 1257 1556 1288 credat,
1579 1257 1748 1284 confiteatur

97 1310 126 1331 et
147 1308 256 1332 asserat
278 1308 365 1338 atque
389 1313 439 1339 pro
462 1305 572 1331 viribus
595 1305 715 1332 conlatis
737 1310 767 1332 et
790 1306 967 1333 conferendis
989 1307 1121 1341 deinceps
1143 1308 1282 1334 divinitus
1304 1309 1531 1336 contradicentes
1554 1319 1747 1344 quoscumque

99 1358 258 1385 convincat.
277 1357 311 1384 In
328 1358 380 1384 hoc
396 1359 472 1384 enim
489 1358 579 1392 liquet
596 1359 656 1385 luce
674 1359 785 1391 clarius,
804 1361 872 1393 quin
889 1363 970 1394 patet
986 1361 1042 1386 sole
1059 1361 1243 1394 splendidius,
1261 1362 1337 1395 quod
1353 1363 1427 1388 inest
1443 1363 1594 1397 unicuique
1611 1372 1746 1397 personae

98 1420 148 1437 sua
167 1412 282 1445 propria
301 1411 393 1437 deitas
413 1415 500 1445 atque
526 1407 691 1443 divinitasd‚
719 1407 803 1446 quiad

822 1421 919 1439 revera
946 1422 1126 1447 nequaquam
1146 1414 1306 1448 adsumpsit
1325 1415 1545 1447 humanitatem,
1566 1417 1642 1450 quod
1661 1417 1745 1449 absit,

98 1464 154 1491 ullo
172 1464 257 1490 modo
274 1467 337 1490 tota
355 1465 479 1495 trinitaS,
495 1465 544 1490 sed
560 1465 619 1491 sola
637 1466 841 1492 tantummodo
858 1466 907 1492 filii
924 1467 1024 1493 deitas.
1045 1467 1122 1493 Haec
1138 1471 1182 1493 est
1199 1476 1309 1502 semper
1326 1469 1434 1495 invicta
1451 1469 1555 1495 victrix
1572 1469 1606 1495 de
1624 1470 1700 1496 trina
1716 1475 1746 1496 et

98 1526 155 1544 una
171 1517 280 1544 deitate
299 1517 455 1544 catholicae
474 1517 539 1544 fidei
557 1519 672 1544 veritas.
692 1519 795 1553 Itaque
813 1521 886 1545 sicut
904 1523 947 1545 est
965 1523 1031 1546 antc
1049 1521 1169 1551 saecula,
1188 1521 1227 1546 sic
1245 1529 1294 1555 per
1311 1521 1424 1548 saecula
1440 1524 1470 1548 et
1487 1522 1516 1547 in
1533 1523 1645 1549 saecula
1663 1523 1745 1548 bene-

96 1571 173 1597 dicta
187 1571 225 1596 sit
239 1571 315 1597 trina
329 1574 358 1597 et
373 1580 430 1597 una
444 1571 546 1603 deitas,
562 1572 706 1603 maiestas,
722 1576 858 1606 potestas,
874 1574 974 1606 pictam,
990 1574 1103 1603 veritas,
1119 1574 1222 1600 caritas
1243 1577 1272 1600 et
1286 1574 1345 1600 site
1363 1583 1474 1608 semper
1488 1570 1550 1608 perf
1563 1576 1745 1602 omnimodae

96 1624 149 1658 ipsi
169 1623 221 1650 soli
240 1624 311 1654 laus,
331 1624 429 1657 gloria,
451 1624 574 1651 claritas.
596 1625 696 1652 Amen.

186 1677 242 1707 Da,
254 1677 340 1708 Deus,
353 1686 418 1703 vere
430 1687 462 1704 ac
475 1678 549 1708 vive,
562 1679 731 1705 naturaliter
743 1687 807 1709 une,
820 1679 1004 1713 personaliter
1015 1680 1096 1707 trine,
1110 1680 1166 1705 tuis
1176 1679 1323 1706 evidenter
1333 1680 1430 1706 electis
1442 1681 1563 1712 credere,
1574 1681 1744 1715 intellegere,

97 1729 224 1757 confiteri
241 1734 271 1756 et
290 1739 423 1761 asserere,
446 1730 523 1764 quod
542 1731 785 1765 quemadmodum
803 1735 845 1763 tu,
872 1732 957 1763 Deua
978 1733 1025 1766 qui
1044 1733 1237 1766 interpretaris
1256 1733 1351 1764 timor,
1370 1736 1399 1759 et
1418 1736 1450 1759 tu
1470 1734 1546 1760 Deus
1565 1735 1677 1765 caritas,
1697 1736 1744 1768 qui

97 1784 291 1817 interpretaris
307 1792 397 1814 amor,
413 1793 478 1810 cum
494 1785 603 1811 vocaris
619 1785 804 1818 personaliter
820 1786 911 1811 trinus
927 1786 1011 1811 timor
1026 1789 1055 1811 et
1070 1786 1161 1811 trinus
1176 1794 1265 1817 amor,
1281 1794 1347 1817 non,
1364 1786 1441 1820 quod
1456 1787 1541 1819 absit,
1557 1790 1614 1814 tres
1630 1790 1744 1814 natura-

97 1836 159 1862 liter
177 1837 293 1862 timores
311 1840 340 1863 et
359 1846 479 1868 amores,
498 1846 597 1864 verum
615 1839 785 1864 naturaliter
803 1847 876 1865 unus
894 1838 940 1864 esln
960 1839 1045 1864 timor
1062 1842 1091 1864 et
1108 1847 1197 1869 amor,
1215 1840 1254 1866 sic
1272 1839 1464 1871 nihilominus,
1484 1849 1548 1866 cum
1565 1842 1676 1867 vocaris
1695 1842 1743 1866 tri-

96 1890 231 1921 theoteia,
251 1891 326 1916 trina
345 1890 437 1916 deitas
455 1894 486 1916 et
504 1891 579 1917 trina
598 1892 711 1921 caritas,
730 1900 799 1923 non,
818 1891 893 1925 quod
913 1892 997 1921 absit,
1017 1895 1073 1917 tres
1092 1892 1260 1918 naturaliter
1277 1892 1399 1918 deitates
1417 1895 1447 1918 et
1465 1894 1608 1924 caritates,
1627 1893 1675 1919 sed
1695 1902 1742 1920 na-

96 1942 227 1969 turaliter
249 1952 306 1969 una
327 1952 357 1969 es
379 1943 472 1970 deitas
493 1947 523 1970 et
545 1953 602 1970 una
624 1945 827 1971 tantummodo
849 1945 961 1971 caritas.
990 1944 1071 1976 Quod
1094 1945 1221 1978 profecto
1243 1953 1293 1979 per
1314 1945 1540 1979 praedicatorem
1562 1947 1692 1972 veritatis
1714 1950 1744 1973 et

96 2052 196 2080 tatem,
207 2049 256 2075 sed
272 2058 323 2083 pro
339 2047 502 2081 veritatek',
519 2053 652 2085 patenter
667 2060 817 2085 possumus
834 2051 961 2084 probare.
979 2050 1125 2084 Siquidem
1136 2051 1250 2084 quando
1267 2051 1456 2085 baptizamur,
1472 2051 1501 2078 id
1517 2056 1561 2078 est
1576 2053 1741 2085 tinguimur,

96 2105 140 2128 ter
158 2102 257 2136 procul
276 2102 364 2129 dubio
386 2104 549 2137 mergimur,
569 2107 599 2130 et
618 2107 716 2130 tamen
737 2109 886 2138 propterea
906 2105 981 2129 trina
1001 2104 1062 2138 ipsa
1084 2104 1185 2130 mersio
1204 2109 1234 2130 et
1253 2105 1361 2130 trinum
1382 2105 1534 2138 baptisma,
1555 2105 1585 2131 id
1603 2108 1647 2131 est
1667 2106 1742 2131 trina

96 2156 207 2186 tinctio,
224 2164 291 2187 non,
310 2156 386 2190 quod
403 2156 489 2187 absit,
506 2160 563 2184 tres
581 2158 733 2184 mersiones
749 2161 779 2183 et
795 2161 852 2183 tres
869 2157 1020 2183 tinctiones
1036 2160 1088 2183 aut
1104 2157 1159 2183 tria
1176 2157 1360 2191 baptismata,
1378 2157 1427 2183 sed
1444 2166 1500 2184 una
1516 2161 1560 2184 est
1575 2158 1742 2192 generaliter

1779 303 1952 333 860—861.

95 1995 241 2022 doctorem
256 1997 386 2030 gentium
401 1997 431 2022 in
446 1997 500 2023 fide
517 2001 547 2023 et
562 1998 694 2029 veritate,
712 1999 759 2032 qui
776 1998 849 2024 dixit
865 1998 1021 2024 verissime:
1037 1994 1114 2024 ‘Non
1130 2006 1195 2031 ergo
1211 2006 1361 2032 possumus
1377 1998 1485 2032 aliquid
1501 1999 1636 2025 adversus
1649 1998 1656 2016 ¹
1673 2000 1742 2025 veri·
1760 2004 1780 2023 ‘2-
1792 2004 1841 2024 Cor.
1854 2005 1887 2028 13,
1899 2005 1919 2024 S.

96 2209 196 2235 mersio
217 2212 247 2235 et
268 2217 325 2235 una
346 2210 458 2241 tinctio,
479 2209 509 2236 id
529 2213 574 2236 est
594 2219 683 2236 unum
705 2210 857 2244 baptisma,
879 2210 991 2236 dicente
1012 2209 1154 2243 apostolo:
1185 2207 1279 2236 ‘Unus
1301 2210 1450 2242 Dominus,
1471 2219 1528 2237 una
1549 2211 1628 2242 fides,
1650 2220 1739 2237 unum
1755 2217 1877 2241 Eph.4,5.

96 2259 260 2295 baptisma'.
280 2262 345 2289 Pari
362 2263 451 2289 etiam
470 2263 564 2294 modo,
583 2272 647 2290 cum
664 2263 769 2290 dicitur
786 2264 861 2289 trina
878 2263 923 2288 vel
941 2270 1021 2289 terna
1039 2262 1117 2293 fides,
1136 2268 1168 2289 ut
1185 2267 1229 2289 est
1245 2263 1315 2289 illud
1335 2263 1441 2290 Sedulii
1459 2263 1549 2290 fidelis
1567 2267 1667 2298 poetae
1685 2265 1740 2290 tui:

462 2325 521 2351 Iste
540 2325 625 2352 fidem
645 2329 767 2357 temam,
787 2328 832 2352 ast
850 2325 896 2351 hic
916 2333 972 2350 non
992 2325 1174 2358 amplectitur
1192 2334 1290 2356 unam,

95 2393 151 2411 non
164 2388 231 2417 tres,
246 2386 323 2420 quod
337 2386 422 2417 absit,
437 2386 517 2417 fides,
531 2387 581 2413 sed
594 2396 652 2414 una
665 2390 709 2413 est
723 2387 800 2417 fides,
814 2387 926 2413 dicente
940 2386 1069 2420 apostolo
1082 2383 1151 2412 ‘una
1165 2384 1255 2413 fides'.
1270 2387 1372 2420 Itaque
1388 2388 1436 2421 qui
1450 2388 1552 2414 nolunt
1565 2397 1630 2414 cum
1646 2387 1740 2414 Sabel-

96 2437 177 2464 lianis
195 2439 345 2466 haereticis
363 2440 392 2465 in
411 2443 561 2467 aeternum
579 2440 683 2467 habere
702 2441 878 2470 societatem,
898 2439 1024 2470 credant,
1044 2439 1243 2471 confiteantur,
1263 2440 1369 2471 colant,
1388 2444 1494 2467 canant
1512 2450 1577 2467 cum
1596 2441 1741 2467 catholicis

96 2491 228 2519 catholici
250 2493 455 2524 tritheoteiam,
480 2494 586 2520 trinam
609 2494 757 2523 deitatem,
781 2493 937 2526 trisagium,
961 2493 1067 2518 trinam
1090 2493 1283 2524 sanctitatem,
1307 2494 1413 2520 trinam
1436 2495 1537 2524 vitam,
1561 2495 1740 2528 sapientiam,

95 2544 221 2578 gloriam,
247 2546 355 2572 trinum
381 2546 537 2577 timorem¹‚
563 2547 672 2573 trinum
696 2554 832 2576 amorem,
864 2545 969 2571 trinam
995 2546 1154 2576 caritatem,
1179 2546 1285 2573 trinam
1310 2546 1411 2578 lucem,
1436 2547 1567 2577 salutem,
1593 2547 1740 2577 virtutem,

95 2605 202 2630 pacem,
226 2598 396 2630 claritatem,
421 2600 528 2626 trinam
551 2600 741 2629 maiestatem,
765 2601 947 2632 potestatem,
971 2599 1122 2631 pietatem;
1147 2599 1251 2633 quippe
1275 2608 1340 2625 cum
1356 2599 1510 2626 debeamus
1525 2600 1613 2626 etiam
1629 2603 1740 2626 ternam

179 2712 203 2739 Β’)
223 2718 238 2733 a
259 2711 319 2735 verb.
342 2711 372 2735 Β.
467 2711 491 2741 b)
511 2711 577 2736 Verb.
594 2713 685 2740 Sirm.,·
703 2719 807 2742 egemus
828 2711 858 2734 Β.
944 2713 966 2740 ⁰)
987 2710 1069 2734 Daeor
1088 2711 1103 2734 2
1118 2711 1332 2736 Buchst.ausrad.
1354 2712 1385 2735 Β.
1487 2710 1511 2741 d)
1534 2712 1658 2735 divinitas
1677 2710 1739 2743 quil

96 2753 140 2783 nus
155 2753 214 2778 Has.
230 2755 261 2778 B.
347 2757 371 2785 Ε)
391 2756 426 2779 sic·
440 2755 517 2780 Sirm.
603 2754 623 2786 ἵ)
642 2755 711 2780 Fehlt
724 2755 800 2779 Sirm.
887 2756 909 2783 ἓ)
932 2754 991 2778 -oda
1003 2755 1049 2784 aus
1063 2755 1123 2778 Bas.
1139 2755 1169 2779 B.
1256 2754 1280 2785 11)
1300 2759 1339 2780 est
1355 2756 1390 2783 B;
1402 2759 1428 2779 et
1441 2756 1518 2779 δίνη.
1612 2753 1630 2785 ¹)
1649 2758 1739 2779 contra

96 2796 170 2821 Sirm.
257 2797 283 2829 ¹1)
302 2807 313 2823 r
330 2800 375 2829 aul
396 2800 456 2823 Rus.
478 2800 508 2824 B.
595 2799 613 2829 1)
631 2808 644 2824 e
662 2801 707 2830 aas
728 2800 786 2823 Rus.
808 2799 838 2823 Β.
