2220 3192
347 321 421 351 864.

236 592 256 612 ’3,
263 591 322 612 Tim.
329 591 349 615 2,
356 591 391 611 25.
397 591 432 611 26.

250 1493 431 1518 v21.13.45‚2=2.

303 1546 339 1567 ΡΒ.
351 1546 400 1569 129,
412 1547 432 1566 7.

289 2031 294 2038 ·
310 2022 355 2043 Iac.
366 2023 435 2044 213.

451 230 509 257 164
1015 225 1202 251 HINKMAR
1221 225 1299 251 VON
1320 225 1439 252 REIMS
1462 227 1520 252 170.

446 319 534 350 illius
547 328 644 349 causa
659 315 805 357 synodali
819 315 1017 346 diffinitione
1031 317 1131 355 atque
1145 314 1264 345 iudicio
1279 314 1407 346 decreta
1422 315 1515 352 fuitl,
1531 315 1558 346 si
1572 319 1705 356 tempus
1720 317 1753 344 et
1767 313 1857 345 locus
1871 314 2086 355 permitteret,

446 370 591 412 synodali
614 369 732 400 iudicio
749 367 922 399 immutari
938 367 1104 398 debuerat.
1121 367 1217 398 Nunc
1234 370 1358 405 autem,
1375 368 1452 409 quia
1468 368 1543 399 huic
1561 367 1717 398 iudicium
1735 370 1768 397 et
1784 367 1859 398 hinc
1877 378 1935 398 nos
1951 367 2088 398 circum-

446 428 513 456 stat
531 421 755 458 misericordia,
775 431 833 462 pro
851 420 970 451 iudicio
988 419 1135 461 synodali
1153 420 1315 461 sequenda
1334 420 1426 452 nobis
1444 424 1533 458 sunt,
1558 431 1641 461 quae
1659 431 1678 451 a
1697 420 1768 450 sede
1786 419 1965 461 apostolica
1981 423 2015 451 et
2033 430 2090 462 per

446 475 610 518 synodalia
632 474 751 505 iudicia
774 477 853 504 sunt
874 472 1029 510 diffinita,
1051 473 1178 505 dicente
1199 473 1295 504 beato
1317 473 1422 505 Leone
1432 474 1455 511 2,
1478 474 1555 515 quia
1577 478 1607 503 in
1629 476 1831 510 dispensandis
1853 476 1907 502 Dei
1929 476 2011 502 donis
2033 485 2091 503 non

445 534 578 559 debemus
599 540 659 556 esse
683 530 814 556 difficiles
837 538 888 556 nec
911 530 1108 556 accusantium
1129 538 1158 556 se
1181 531 1304 563 gemitus
1326 530 1514 564 lacrimasque
1538 530 1692 563 neglegere,
1723 538 1787 555 cum
1808 530 1900 563 ipsam
1924 530 2090 563 poenitendi

446 585 629 612 affectionem
643 592 679 609 ex
690 583 742 609 Dei
759 582 906 609 credamus
922 583 1109 616 inspiratione
1127 586 1304 617 conceptam,
1321 583 1434 610 dicente
1451 583 1593 616 apostolo:
1611 579 1664 608 ‘Ne
1681 583 1754 608 forte
1772 582 1822 608 det
1836 582 1892 608 illis
1903 583 1980 608 Deus
1996 583 2092 617 poeni-

445 639 577 667 tentiam,
593 640 626 662 ut
640 637 810 670 resipiscant
825 645 843 662 a
858 636 965 662 diaboli
981 636 1099 670 laqueis,
1116 645 1133 662 a
1150 644 1205 670 quo
1222 637 1300 670 capti
1316 639 1450 663 tenentur
1466 637 1507 663 ad
1521 637 1612 669 ipsius
1628 635 1777 662 voluntate
1785 631 1834 661 m'.
1850 632 1894 662 Et
1910 633 1991 664 item
2006 633 2093 663 idem

444 689 479 720 in
498 686 632 718 decretis
651 686 718 716 suis
736 686 810 716 dici.
823 684 850 716 ³:
874 689 1055 723 Propositum
1075 689 1206 716 monachi
1227 690 1341 723 proprio
1361 690 1481 716 arbitrio
1501 694 1552 715 aut
1571 689 1719 715 voluntate
1740 693 1906 722 susceptum
1925 689 2017 715 deseri
2036 697 2093 715 non

445 746 540 778 potest
558 742 664 775 absque
684 744 810 776 peccato.
837 742 918 773 Quod
935 751 1013 768 enim
1033 743 1095 776 quis
1115 744 1198 768 vovit
1218 743 1277 768 Deo
1297 743 1384 769 debet
1402 739 1430 770 ei
1449 742 1574 768 reddere.
1596 742 1678 768 Unde
1699 743 1747 775 qui
1766 742 1868 768 relicta
1885 742 2093 776 singularitatis

445 797 613 831 professione
633 796 669 821 ad
689 795 824 822 militiam
842 796 887 821 vel
905 796 1021 829 nuptias
1040 796 1192 822 devolutus
1209 799 1263 826 est,
1283 795 1411 829 publicae
1432 795 1625 829 poenitentiae
1643 795 1839 821 satisfactione
1858 796 2022 829 purgandus
2039 798 2092 821 est.

450 850 521 881 Quia
535 848 590 874 etsi
605 848 739 874 innocens
757 848 862 875 militia
876 852 907 874 et
923 849 1075 875 honestum
1091 852 1187 882 potest
1200 858 1260 874 esse.
1278 849 1449 882 coniugium,
1465 849 1635 874 electionem
1651 848 1816 874 meliorem³
1831 848 1985 874 deseruisse
2002 853 2092 875 trans-

443 903 547 937 gressio
565 905 616 927 est.

514 952 558 982 Et
572 951 649 992 quia
665 951 827 992 Pippinus
842 961 874 981 se
890 951 1025 992 paganis
1040 950 1206 988 sociavit4‚
1229 961 1295 992 qua
1316 951 1469 982 societate
1487 950 1592 982 multa
1609 950 1694 982 mala
1710 950 1745 981 in
1761 950 2005 982 Christianitate
2022 961 2093 992 pro-

444 1006 528 1036 fecta
546 1008 635 1041 sunt,
653 1004 856 1045 sequendum
873 1008 923 1035 est
939 1004 978 1035 de
995 1015 1031 1035 eo
1050 1004 1166 1035 Leonis
1183 1003 1379 1046 capitulum,
1404 1015 1468 1045 quo
1486 1003 1600 1035 dici15:
1622 1007 1651 1033 Si
1670 1008 1803 1033 convivio
1820 1007 1879 1033 solo
1896 1008 2047 1041 gentilium
2063 1010 2094 1033 et

442 1063 514 1088 escis
530 1060 722 1087 immolatitiis
740 1061 783 1086 usi
800 1063 877 1091 sunt,
897 1065 1017 1094 possunt
1032 1061 1144 1087 ieiuniis
1160 1064 1191 1086 et
1210 1069 1310 1087 manus
1327 1062 1509 1094 impositione
1529 1061 1652 1094 purgari,
1671 1063 1704 1086 ut
1720 1061 1854 1094 deinceps
1872 1061 1909 1087 ab
1924 1061 2095 1094 idolothytis

444 1115 622 1142 abstinentes
638 1119 881 1140 sacramentorum
896 1114 1001 1140 Christi
1018 1115 1128 1147 possint
1143 1111 1203 1140 esse
1220 1115 1382 1148 participes.
1404 1113 1433 1140 Si
1450 1117 1547 1140 autem
1563 1114 1640 1139 idola
1656 1113 1848 1139 adoraverunt
1864 1116 1915 1140 aut
1931 1114 2094 1140 homicidiis

444 1168 490 1194 vel
502 1167 738 1194 fornicationibus
752 1167 943 1193 contaminati
956 1170 1032 1198 sunt,
1046 1167 1083 1193 ad
1097 1168 1324 1193 communionem
1337 1176 1384 1193 eos
1398 1168 1453 1193 nisi
1468 1176 1517 1201 per
1530 1167 1740 1201 poenitentiam
1754 1167 1898 1200 publicam
1911 1176 1968 1193 non
1981 1170 2096 1201 oportet

445 1221 572 1248 admitti.
585 1217 629 1248 Et
641 1217 754 1248 Nicem¹
767 1227 906 1247 canones
921 1220 954 1246 de
970 1221 1023 1250 his,
1039 1221 1088 1254 qui
1102 1224 1215 1254 praeter
1228 1221 1430 1246 necessitatem
1444 1221 1635 1254 praevaricati
1648 1224 1726 1250 sunt,
1739 1216 1879 1257 qualiter
1893 1218 2093 1258 poeniteant,

444 1272 558 1302 dicunt
566 1270 589 1301 ⁶.
610 1273 635 1307 (ὲ
641 1270 692 1300 uia
704 1280 790 1307 vere,
805 1273 842 1300 ut
853 1270 975 1308 audivi,
989 1270 1129 1311 paralysi
1141 1270 1222 1301 solet
1235 1270 1396 1311 Pippinus
1409 1270 1546 1312 percuti,
1568 1270 1732 1311 sequenda
1744 1274 1793 1301 est
1805 1270 1843 1301 de
1856 1269 1911 1301 illo
1931 1270 2094 1301 sententia

447 1324 555 1364 magni
570 1323 696 1360 LeOniS‚
711 1333 776 1364 qua
793 1322 893 1354 dicit⁷
910 1323 948 1354 de
966 1326 1019 1358 his,
1036 1327 1084 1360 qui
1100 1327 1130 1352 in
1147 1329 1274 1360 tempore
1291 1327 1471 1353 necessitatis
1487 1329 1518 1352 et
1533 1327 1562 1352 in
1580 1327 1697 1360 periculi
1714 1327 1842 1361 urgentis
1858 1327 2000 1353 instantia
2015 1334 2094 1360 prae-

444 1381 548 1406 sidium
563 1380 755 1414 poenitentiae
769 1382 800 1405 et
815 1388 881 1405 mox
892 1380 1132 1406 reconciliationis
1145 1380 1309 1414 implorant,
1320 1388 1372 1406 nec
1386 1379 1547 1406 satisfactio
1561 1379 1759 1406 interdicenda
1772 1383 1817 1406 est
1830 1388 1882 1407 nec
1900 1380 2094 1407 reconciliatio

445 1433 619 1467 deneganda,
640 1434 708 1467 quia
727 1433 934 1460 misericordiae
955 1433 1007 1459 Dei
1027 1441 1078 1459 nec
1099 1441 1244 1459 mensuras
1264 1441 1414 1467 possumus
1433 1441 1536 1466 ponere
1556 1441 1608 1459 nec
1622 1437 1752 1466 tempora
1765 1433 1899 1464 diffinire,
1919 1433 1995 1467 apud
2011 1441 2094 1467 quem

446 1487 537 1513 nullas
552 1487 662 1520 patitur
675 1487 775 1512 veniae
791 1495 883 1513 moras
897 1495 965 1513 vera
979 1487 1125 1517 confessio,
1144 1486 1258 1512 dicente
1273 1486 1324 1512 Dei
1345 1487 1450 1521 spiritu
1464 1495 1514 1519 per
1534 1486 1717 1520 prophetam:
1740 1486 1811 1512 Cum
1825 1487 2005 1520 ingemueris,
2026 1491 2094 1512 tunc

446 1540 542 1567 salvus
561 1541 631 1570 eris;
650 1543 681 1566 et
701 1537 836 1567 iterum:
858 1536 950 1570 ‘Quia
969 1539 1047 1573 apud
1061 1540 1217 1566 Dominum
1239 1539 1435 1566 misericordia
1452 1545 1497 1565 est
1509 1545 1540 1565 et
1554 1540 1669 1573 copiosa
1683 1540 1759 1573 apud
1772 1548 1839 1565 eum
1852 1536 2032 1573 redemptio-³
2051 1536 2095 1567 Et

446 1589 657 1621 Innocentius
669 1589 747 1620 dixi>
763 1589 789 1620 S:
811 1593 853 1618 De
866 1593 1090 1626 poenitentibus,
1112 1593 1160 1626 qui
1171 1593 1232 1618 sive
1243 1601 1280 1618 ex
1292 1592 1471 1626 gravioribus
1485 1593 1642 1618 commissis
1656 1593 1716 1618 sive
1729 1601 1767 1618 ex
1779 1593 1934 1619 levioribus
1949 1594 2094 1626 poeniten-

446 1647 518 1673 tiam
531 1651 642 1680 gerunt,
656 1647 680 1672 si
694 1646 772 1672 nulla
784 1647 961 1672 interveniat
974 1646 1131 1680 aegritudo,
1143 1647 1245 1680 quinta
1257 1646 1329 1672 feria
1344 1649 1410 1672 ante
1420 1646 1527 1679 pascha
1539 1647 1579 1671 eis
1589 1646 1795 1672 remittendum
1806 1646 1951 1672 Romanae
1960 1646 2093 1673 ecclesiae

447 1699 622 1726 consuetudo
636 1699 822 1726 demonstrat.
839 1699 971 1726 Ceterum
986 1699 1020 1725 de
1032 1699 1154 1733 pondere
1166 1699 1346 1725 aestimando
1356 1699 1525 1725 delictorum
1539 1699 1695 1725 sacerdotis
1709 1702 1754 1725 est
1762 1699 1897 1730 iudicare,
1913 1702 1946 1725 ut
1955 1699 2096 1726 adtendat

447 1753 483 1779 ad
498 1752 702 1779 confessionem
716 1753 890 1786 poenitentis
903 1756 935 1778 et
949 1752 985 1779 ad
1000 1753 1084 1778 fletus
1099 1755 1184 1786 atque
1203 1752 1335 1779 lacrimas
1350 1753 1526 1785 corrigentis,
1541 1761 1574 1778 ac
1588 1756 1650 1778 tum
1663 1752 1760 1778 iubere
1775 1753 1896 1783 dimitti,
1911 1761 1975 1779 cum
1989 1752 2096 1779 viderit

447 1814 599 1840 congruam
617 1805 853 1832 satisfactionem.
877 1806 949 1832 Sane
968 1807 992 1831 si
1013 1806 1076 1839 quis
1094 1806 1125 1831 in
1145 1805 1354 1838 aegritudinem
1376 1805 1511 1831 inciderit
1529 1808 1615 1839 atque
1635 1814 1724 1839 usque
1744 1806 1781 1832 ad
1798 1806 2029 1840 desperationem
2047 1806 2093 1831 de-

447 1859 599 1889 venerit‚ei
617 1862 662 1884 est
681 1862 746 1885 ante
766 1862 880 1892 tempus
900 1859 1022 1892 paschae
1041 1859 1238 1889 relaxandum,
1258 1867 1292 1884 ne
1314 1859 1348 1884 de
1368 1859 1482 1885 saeculo
1503 1858 1611 1892 absque
1633 1860 1831 1885 communione
1852 1859 1991 1886 discedat.
2086 1894 2088 1896 ‚

519 1908 617 1940 Plura
640 1912 718 1939 sunt
740 1908 814 1946 alia,
837 1919 920 1950 quae
943 1909 1018 1940 hinc
1043 1919 1211 1951 possemus
1233 1908 1390 1950 colligere,
1422 1909 1483 1939 nisi
1506 1909 1570 1939 ista
1592 1909 1794 1940 crederemus
1817 1920 1909 1951 posse
1933 1908 2091 1940 sufficere.

446 1961 539 1993 Unde
557 1966 722 2002 quantum
742 1962 821 1993 mihi
838 1962 979 1999 videtur,
1000 1972 1065 1993 non
1084 1961 1309 2003 praeiudicans
1327 1960 1475 2002 synodali
1493 1962 1673 1992 sententiae
1684 1961 1697 1980 ⁹
1715 1962 1753 1993 de
1773 1962 1915 2003 Pippino
1934 1963 2091 1999 decretae,

449 2015 503 2046 sed
521 2015 662 2046 confisus
681 2015 719 2045 de
738 2015 798 2046 Dei
819 2015 1046 2053 misericordia,
1067 2015 1124 2056 qui
1144 2025 1200 2056 per
1219 2014 1408 2056 apostolum
1427 2025 1526 2045 suum
1545 2015 1635 2052 dicit,
1658 2019 1695 2046 ut
1714 2015 1937 2057 superexaltet
1956 2014 2092 2046 ‘miseri-

446 2068 553 2099 cordia
574 2068 756 2105 iudicium',
778 2076 811 2099 et
831 2069 868 2099 de
889 2069 1026 2100 caritate
1046 2069 1251 2099 confratrum
1273 2072 1459 2099 nostrorum
1480 2072 1513 2098 et
1533 2068 1571 2099 de
1592 2069 1789 2099 auctoritate
1811 2080 1976 2100 sacrorum
1995 2079 2090 2100 cano-

449 2132 529 2151 num
551 2124 584 2151 et
605 2120 800 2162 pontificum
820 2121 1058 2159 Romanorum,
1081 2121 1304 2152 exhortandus
1325 2125 1374 2152 est
1395 2121 1569 2162 Pippinus,
1594 2125 1631 2152 ut
1653 2132 1771 2162 puram
1792 2122 2031 2153 confessionem
2051 2121 2089 2152 de

447 2173 599 2204 omnibus
619 2174 759 2215 peccatis
777 2175 855 2211 suis,
874 2185 955 2215 quae
974 2174 1014 2205 ab
1032 2175 1167 2206 ineunte
1186 2178 1294 2205 aetate
1314 2174 1527 2216 perpetravit,
1547 2178 1665 2205 secrete
1686 2175 1795 2212 faciat,
1815 2175 1892 2216 quia
1912 2175 1993 2206 forte
2013 2174 2092 2205 talia

449 2231 580 2268 peccata
603 2227 689 2264 iecit,
711 2238 793 2268 quae
815 2232 911 2269 turpe
933 2232 982 2258 est
1003 2229 1104 2259 etiam
1126 2228 1160 2259 in
1182 2227 1353 2268 publicum
1374 2228 1488 2259 dicere.
1510 2227 1553 2258 Et
1573 2228 1612 2258 de
1632 2227 1692 2258 hoc
1713 2229 1800 2268 quod
1823 2239 1920 2259 suum
1941 2228 2092 2259 habitum

448 2280 572 2310 dimisit
586 2284 619 2310 et
633 2291 664 2310 se
680 2280 858 2321 periuravit
872 2285 905 2311 et
918 2281 994 2321 quia
1008 2292 1086 2312 cum
1101 2281 1236 2322 paganis
1250 2292 1282 2312 se
1297 2281 1418 2317 iunxit,
1433 2281 1471 2311 de
1486 2291 1551 2321 qua
1566 2291 1624 2311 sua
1638 2281 1868 2312 coniunctione
1886 2281 1991 2312 multa
2007 2280 2092 2312 mala

537 2412 594 2436 170.
625 2415 648 2439 ²1)
670 2413 808 2435 meliorum
831 2414 911 2437 Βίην.

542 2509 567 2539 l)
591 2508 642 2540 Vyl.
662 2508 772 2534 Sc]11·‹'i›·.s
789 2509 816 2534 S.
831 2510 883 2534 2:36
900 2510 933 2535 A.
950 2510 990 2535 75.
1103 2511 1130 2542 2)
1155 2511 1199 2536 Ad
1222 2511 1350 2536 Theodor.
1370 2511 1490 2536 Foroiul.
1512 2510 1604 2543 episc,
1619 2510 1772 2536 Hinschfius
1787 2511 1814 2536 S.
1829 2511 1882 2537 626
1899 2512 1995 2544 (J.-K.
2011 2511 2089 2545 485).

449 2552 476 2584 3)
499 2552 572 2577 Decr.
588 2552 667 2577 Leon.
684 2553 707 2577 I.
723 2562 742 2577 c.
757 2554 800 2583 26,
815 2553 906 2578 Codes
918 2562 1053 2579 canonum
1069 2555 1170 2587 (1609)
1189 2555 1216 2580 S.
1232 2555 1298 2585 459,-
1316 2555 1468 2581 Hinscltius
1484 2554 1512 2580 S.
1527 2555 1580 2580 617
1595 2563 1615 2580 c.
1630 2554 1665 2580 12
1684 2555 1780 2586 (ιλ-Κ.
1799 2556 1877 2588 544).
1992 2557 2019 2587 4)
2033 2555 2088 2588 Vql.

449 2596 523 2621 Arm.
543 2596 645 2621 Berlin.
664 2597 715 2621 3¹64
731 2597 769 2621 erl.
787 2597 870 2622 Wailz
886 2598 914 2623 S.
929 2598 977 2623 67:
994 2599 1139 2631 PippinuS,
1162 2600 1274 2632 Pippini
1295 2600 1377 2630 filius,
1397 2608 1432 2625 ex
1453 2599 1593 2624 monacho
1612 2599 1700 2624 laicus
1719 2602 1749 2624 ct
1774 2602 1909 2632 apostata
1934 2600 2036 2629 factus,
2062 2608 2090 2625 se

449 2640 619 2665 Normaunis
640 2641 785 2673 coniungit
809 2644 839 2666 et
859 2642 945 2667 ritum
970 2651 1066 2668 eorum
1092 2647 1195 2669 servat.
1313 2644 1340 2675 5)
1364 2644 1440 2669 Decr.
1467 2643 1547 2668 Leon.
1573 2643 1630 2668 l.c.
1645 2643 1688 2671 30,
1713 2643 1804 2669 Codes*
1827 2652 1960 2669 canonum
1987 2643 2089 2677 (1609)

449 2683 477 2709 S.
491 2684 557 2711 461:
576 2684 728 2709 Hinsclcius
740 2686 767 2709 S.
782 2685 858 2717 6171.
873 2694 892 2711 c.
908 2686 942 2711 17
956 2686 1051 2717 (J.-K.
1066 2687 1143 2719 544).
1248 2688 1274 2720 6)
1296 2687 1325 2713 C.
1340 2688 1382 2717 11,
1400 2687 1490 2713 Codez
1506 2695 1641 2713 canonum
1657 2688 1758 2720 (1609)
1774 2688 1802 2712 S.
1817 2688 1846 2717 6,·
1864 2688 1959 2721 spliyne
1973 2688 2016 2718 67,
2027 2687 2087 2713 149.

2118 799 2145 819 10

2119 1063 2146 1084 15

2120 1329 2146 1349 20

2119 1601 2146 1622 25

2117 1867 2145 1888 30

2118 2132 2144 2152 35

2117 2503 2194 2536 40¹

450 2729 476 2760 7)
493 2728 537 2753 Ad
556 2728 683 2753 Theodor.
699 2729 819 2754 Foroiul.
837 2730 928 2762 episc„
946 2730 1098 2755 Hinschius
1119 2732 1147 2756 S.
1161 2732 1238 2764 625j.
1265 2732 1360 2765 (J.—K.
1386 2731 1463 2764 485).
1558 2732 1585 2763 8)
1608 2731 1684 2757 Dccr.
1708 2732 1847 2758 Ivmocent.
1867 2732 1891 2757 Ι.
1916 2741 1936 2757 c.
1953 2733 1976 2762 7,
2001 2732 2091 2758 Codex
2113 2736 2141 2756 45

447 2780 582 2797 canonum
614 2772 714 2804 (1609)
739 2774 767 2798 S.
787 2773 876 2806 335j.,·
900 2773 1051 2799 Hzssnsclmaes
1073 2775 1100 2799 S.
1122 2775 1176 2800 528
1201 2775 1295 2807 (J.-K.
1320 2775 1397 2808 311).
1513 2776 1541 2807 9)
1564 2775 1616 2807 Vql.
1641 2775 1753 2801 Sclzsriirs
1774 2785 1798 2801 α.
1818 2785 1843 2801 a.
1862 2776 1903 2806 O.‚
1931 2776 1994 2802 aber
2020 2775 2089 2802 auch

450 2816 517 2841 oben
539 2816 567 2841 S.
581 2816 633 2841 163
655 2817 689 2842 A.
704 2817 727 2841 1.
