2220 3192
696 241 883 268 HINKMAR
903 243 980 269 VON
1001 244 1120 270 REIMS
1142 245 1200 271 198.
1705 245 1764 274 207

126 326 334 368 quorundam
352 326 493 357 factione
513 327 667 372 adversus
686 329 901 370 exiguitatem
921 342 1028 363 meam
1045 337 1229 364 commotaa
1246 337 1318 365 tam
1335 334 1459 365 duriter
1475 334 1632 366 conflaret
1650 338 1683 366 et
1702 335 1764 366 uti·
1791 338 1863 367 867.

126 390 205 411 nam
216 382 423 420 expurgaret.
449 378 500 410 Sic
512 380 603 411 enim
614 379 717 412 bonae
731 383 903 414 memoriae
916 384 1058 415 domnus
1072 385 1282 417 Hlotharius1
1293 387 1328 418 in
1340 387 1435 418 initio
1448 387 1661 419 ordinationis
1675 399 1764 419 meae

125 432 215 474 apud
237 431 407 473 Sergium²
428 436 462 462 et
483 436 558 473 post
578 434 669 474 apud
689 444 905 467 successorem
926 437 1028 478 ipsius
1049 438 1210 471 Leonem³
1234 450 1290 480 pro
1311 440 1519 472 contentione
1542 441 1640 481 regni,
1662 452 1764 482 quam

125 496 199 527 erga
224 485 360 517 fratrem
384 496 485 516 suum
508 485 649 516 habebat
673 486 834 520 domnum
861 489 1032 527 Karolum,
1056 491 1150 522 cuius
1174 492 1354 533 obsequiisb
1378 492 1515 525 fideliter
1538 494 1763 531 adhaerebam,

97 552 109 571 5
129 538 277 579 sategit4.
306 538 400 570 Unde
421 542 533 579 postea
551 538 619 569 Deo
639 539 820 580 inspirante
840 542 1077 582 paenitentiam
1096 545 1161 584 egit
1179 549 1212 576 et
1231 545 1347 577 fitteris
1364 547 1407 577 ad
1424 547 1533 578 sedem
1551 547 1764 589 apostolicam

126 592 254 624 missis⁵
267 592 355 633 quod
373 595 556 622 excesserat
573 592 728 632 corrigere
747 594 887 625 studuit.
918 595 978 626 Per
995 606 1076 636 quos
1095 597 1196 628 etiam
1214 598 1415 630 serenissima
1434 600 1620 631 sanctitatis
1638 604 1763 631 vestrae

125 645 347 686 tranquillitas
365 655 439 685 erga
458 645 693 685 indignitatem
713 657 821 678 meam
840 648 960 678 totiens
979 652 1012 678 et
1030 650 1108 680 adeo
1127 650 1170 681 sit
1187 655 1364 689 commota,
1384 663 1450 684 non
1467 653 1563 684 debet
1580 665 1599 684 a
1620 664 1670 684 me
1688 664 1763 684 con-

124 699 210 741 quiri
231 709 288 730 nec
309 698 464 729 indebitis
485 697 726 739 suspicionibus
747 699 846 730 debeo
867 701 993 741 agitari.

213 752 287 782 Duo
309 756 423 783 tamen
445 755 536 788 sunt,
559 762 643 793 quae
665 755 775 783 tenere
800 764 850 784 me
872 754 1028 785 veraciter
1051 758 1144 795 pute,
1166 759 1199 786 et
1221 756 1368 794 tertium,
1390 759 1479 799 quod
1500 759 1535 789 in
1558 762 1666 790 mente
1691 770 1760 790 mea
1776 754 1956 804 23Y5i';E2⁰6⁰,¹¹2'5.

75 817 102 836 10
123 805 313 846 cognoscofl.
347 804 476 836 Scilicet
496 804 574 845 quia
592 805 771 836 commotio
791 806 895 837 animi
915 806 1015 837 vestri
1035 818 1109 848 erga
1129 808 1352 840 humilitatem
1374 821 1481 842 meam
1502 822 1567 842 non
1588 822 1629 843 ex
1649 812 1763 842 vestris

126 858 264 900 propriis
287 857 441 895 motibus,
463 858 519 889 sed
538 857 652 890 ahenis
674 859 828 899 procedat
848 859 1140 900 suggestionibus7.
1170 861 1215 892 Et
1234 862 1261 892 si
1280 872 1355 893 vera
1375 867 1491 901 essent,
1512 875 1594 905 quae
1614 864 1705 896 vobis
1725 865 1763 896 de

126 923 177 943 me
197 923 217 943 a
237 911 437 953 quibusdam
457 911 555 942 audio
576 911 676 948 dicta,
700 922 765 942 non
786 911 894 943 solum
917 913 1032 944 merito
1053 924 1126 954 erga
1150 925 1200 945 me
1222 913 1331 945 taliter
1353 917 1574 954 moveremini,
1596 928 1710 949 verum
1730 921 1764 948 et

124 964 424 1006 incomparabiliter
445 965 587 996 severius
608 975 711 1006 quam
733 965 931 996 moveamini
952 965 1020 997 zelo
1041 966 1246 998 rectitudinis
1266 969 1530 1001 accenderemini.
1564 969 1625 1001 Sed
1645 971 1763 1011 gratias
1780 979 1953 1004 val-Pa.⁷8‚5.

125 1017 183 1055 illi,
199 1019 293 1049 cuius
306 1017 423 1059 ‘gratia
440 1029 515 1049 sum
529 1018 574 1056 id,
590 1018 679 1059 quod
694 1018 793 1056 sum’,
808 1018 885 1059 quia
898 1018 1101 1060 ‘perhibente
1119 1019 1198 1051 mihi
1214 1021 1441 1053 testimonium
1456 1023 1651 1054 conscientia
1670 1024 1762 1061 mea’,
1778 1019 1947 1069 {offif'gfff'l‘ffst

76 1082 102 1102 15
125 1071 200 1104 licet
218 1072 253 1103 in
270 1071 342 1104 aliis
360 1072 423 1103 sim
443 1075 603 1113 peccator,
623 1075 737 1102 tamen
755 1071 790 1102 in
808 1071 868 1109 his,
887 1072 926 1103 de
944 1072 1064 1113 quibus
1084 1084 1134 1104 me
1151 1074 1242 1114 apud
1259 1075 1491 1106 auctoritatem
1508 1079 1650 1107 vestram
1667 1077 1763 1107 audio

123 1125 282 1163 denotari,
301 1136 367 1156 non
383 1124 460 1156 talis
476 1136 553 1156 sum
569 1125 604 1156 in
621 1123 723 1156 oculis
739 1125 870 1162 divinis,
887 1124 994 1166 qualis
1010 1125 1166 1166 depingor
1182 1126 1217 1157 in
1233 1127 1366 1158 auribus
1382 1127 1546 1159 humanis.
1573 1129 1619 1159 De
1636 1133 1763 1160 tumore

125 1189 266 1220 namque
291 1189 365 1220 erga
390 1179 499 1210 sedem
523 1177 750 1219 apostolicam,
776 1179 928 1210 omnium
952 1178 1160 1210 ecclesiarum
1186 1184 1326 1211 matrem
1349 1184 1448 1222 atque
1476 1182 1673 1222 magistram,
1699 1183 1764 1213 iam

123 1232 212 1274 apud
232 1235 364 1263 sanctae
385 1231 618 1263 recordationis
639 1230 789 1272 Sergium
808 1235 908 1273 atque
930 1232 1072 1263 Leonem
1094 1232 1221 1263 fueram
1240 1233 1427 1265 denotatus.
1460 1234 1521 1265 Sed
1541 1235 1657 1265 debitis
1677 1234 1764 1266 obse-

122 1285 224 1327 quiise
246 1289 442 1327 cooperante
464 1285 619 1322 Domino,
643 1295 853 1326 quocumque
877 1296 908 1316 se
933 1284 1023 1316 locus
1048 1285 1127 1317 mihi
1152 1286 1313 1327 praebuit,
1340 1288 1529 1324 monstravi,
1554 1288 1641 1328 quod
1665 1287 1765 1319 fidelis

73 1347 100 1367 20
123 1343 156 1370 et
178 1339 327 1376 devotus,
350 1337 486 1370 humilis
508 1349 639 1380 quoque
662 1342 762 1379 atquc
786 1338 952 1370 subiectus
975 1350 1104 1380 semper
1128 1339 1162 1370 in
1185 1339 1338 1370 omnibus
1362 1344 1395 1371 et
1419 1340 1537 1382 ubique
1561 1352 1633 1381 erga
1657 1341 1764 1372 sedem

122 1391 337 1434 apostolicam
357 1396 391 1423 et
410 1392 481 1423 eius
501 1395 640 1423 rectores
660 1391 840 1423 extiterim.
870 1392 914 1423 Et
936 1392 1031 1423 modo
1051 1403 1129 1423 cum
1149 1396 1288 1429 tumore,
1309 1404 1408 1434 quem
1427 1398 1591 1435 quantum
1613 1394 1704 1435 potui
1724 1394 1764 1424 ab

122 1446 257 1477 ineunte
274 1449 383 1477 aetate
401 1445 517 1482 vitavi,
535 1445 709 1477 dolositate
727 1449 828 1486 atque
845 1444 1039 1477 crudelitate
1057 1446 1147 1487 apud
1165 1449 1314 1477 sanctam
1332 1450 1364 1477 et
1383 1447 1671 1487 prudentissimam
1688 1447 1763 1478 sim-

123 1499 307 1541 plicitatem
326 1503 473 1530 vestram
492 1498 603 1530 videor
623 1498 783 1529 denotari.
823 1499 887 1537 Qui
908 1502 1086 1540 postquam
1106 1499 1298 1531 sensualiter
1320 1500 1447 1541 percepi
1467 1500 1593 1531 dictum
1612 1511 1631 1531 a
1652 1504 1764 1530 sancto

122 1553 242 1594 spiritu
257 1556 291 1584 et
306 1553 468 1594 inprecari
482 1563 502 1583 a
517 1556 638 1583 cuncta
653 1552 713 1583 Dei
729 1551 861 1583 ecclesia
877 1553 915 1583 de
932 1552 991 1589 his,
1007 1553 1065 1594 qui
1081 1552 1115 1583 in
1130 1552 1223 1583 corde
1239 1556 1272 1583 et
1287 1553 1379 1583 corde
1395 1552 1562 1584 locuntur:
1577 1553 1763 1594 ‘Disperdat
1779 1548 1925 1598 {gf‘1f‚⁸·4}¹¹
1937 1550 1957 1567 3·

72 1613 100 1633 2⁵
121 1606 284 1638 Dominus
308 1607 458 1637 universa
480 1605 567 1637 labia
589 1604 727 1643 dolosa';
749 1615 804 1636 ac:
824 1605 931 1637 ‘Muta
955 1605 1038 1637 fiant
1059 1605 1145 1637 labia
1166 1605 1303 1643 dolosa’3
1326 1610 1359 1637 et
1378 1610 1414 1637 ut
1429 1607 1538 1638 virum
1555 1607 1763 1647 sanguinum,
1779 1602 1939 1652 {2523}ng

123 1660 170 1691 ita
193 1659 405 1691 nihilominus
426 1662 460 1690 et
481 1659 632 1690 dolosum
654 1658 856 1690 abominari<1
878 1670 897 1690 a
918 1659 1073 1696 Domino,
1095 1658 1306 1690 dolositatem
1327 1663 1361 1690 ct
1381 1659 1609 1690 crudelitatem
1630 1660 1723 1700 quasi
1744 1670 1763 1689 a
1779 1667 1973 1691 Vgl.Eccli.21‚2.

123 1712 203 1744 facie
223 1712 347 1745 colubri
368 1713 496 1753 fugiens
515 1723 665 1744 execrare
684 1712 808 1749 curavi,
828 1713 932 1744 sciens
951 1712 1063 1744 beatos
1082 1723 1149 1743 esse
1172 1712 1389 1744 misericordes
1408 1717 1441 1744 et
1459 1713 1631 1744 ‘iudicium
1650 1712 1695 1743 illi
1716 1712 1763 1742 fu-
1780 1722 1974 1745 vmmnmma

122 1770 237 1797 turum
256 1766 324 1798 sine
346 1766 576 1803 misericordia,
596 1766 653 1807 qui
674 1776 740 1796 non
760 1766 839 1797 facit
859 1766 1136 1797 misericordiam'.
1164 1766 1212 1797 De
1231 1765 1350 1807 quibus
1368 1766 1457 1796 vitiis
1476 1767 1510 1797 in
1529 1766 1599 1797 istis
1618 1764 1765 1806 partibus
1782 1775 1902 1797 Inc.·2.13.

121 1819 253 1851 ecclesia
269 1820 349 1851 mihi
362 1820 550 1857 commissa,
565 1820 621 1850 sed
636 1830 693 1850 nec
707 1819 834 1851 vicinae
849 1819 999 1851 ecclesiae
1013 1820 1187 1851 adversum
1204 1830 1253 1850 me
1268 1819 1425 1850 hactenus
1440 1819 1527 1850 fuere
1541 1823 1734 1860 conquestae
1741 1825 1763 1855 θ,

71 1883 98 1903 30
122 1873 177 1905 sed
195 1884 251 1904 nec
271 1874 367 1905 modo
383 1875 657 1914 conqueruntur1.
684 1872 777 1904 Unde
795 1874 893 1904 datur
909 1872 1063 1913 intellegi,
1081 1873 1239 1914 quoniam
1256 1871 1313 1909 illi,
1330 1873 1387 1913 qui
1403 1873 1441 1903 de.
1460 1884 1510 1904 me
1527 1872 1589 1903 ista
1607 1871 1685 1903 falso
1702 1871 1764 1902 dis-

122 1927 298 1963 seminant,
319 1927 345 1958 si
363 1926 415 1958 vel
433 1926 668 1958 similitudines
686 1926 827 1958 aliorum
845 1926 1023 1958 criminum
1043 1926 1077 1956 in
1098 1937 1148 1957 me
1168 1926 1387 1967 percepissent
1402 1944 1445 1948 —
1461 1926 1548 1966 quod
1568 1936 1633 1955 non
1650 1925 1691 1956 ad
1709 1935 1763 1955 ex-

122 1981 307 2012 cusandum
336 1980 548 2011 excusatione
578 1979 613 2010 in
643 1980 784 2021 peccatis
815 1980 918 2010 fateor
937 1999 989 2016 —‚
1016 1980 1128 2020 utique
1151 1979 1243 2010 vobis
1273 1990 1338 2010 non
1365 1979 1552 2009 tacuissent.
1585 1978 1645 2009 Sed
1667 1977 1761 2008 bene·
1778 1986 1965 2010 v21.Ps.123,0.

121 2034 230 2065 dictus
245 2033 419 2071 Dominus,
437 2034 495 2074 qui
511 2033 671 2064 hactenus
688 2044 755 2064 non
771 2033 861 2064 dedit
879 2044 930 2064 me
947 2033 981 2064 in
997 2033 1187 2074 captionem
1202 2032 1356 2063 dentibus
1372 2043 1494 2069 eorum,
1511 2031 1568 2072 qui
1583 2031 1690 2071 ‘saepe
1707 2041 1761 2061 ex·
1779 2040 1814 2059 rs.
1826 2040 1905 2063 maa.

123 2090 355 2129 pugnaverunt
380 2098 430 2118 me
455 2098 473 2118 a
497 2087 670 2118 iuventute
697 2098 767 2118 mea
791 2090 824 2117 et
849 2097 914 2117 non
939 2089 1120 2127 potuerunt
1145 2085 1234 2117 mihi’
1260 2089 1447 2126 protegente
1470 2085 1621 2121 Domino,
1645 2084 1702 2124 qui
1724 2084 1762 2114 de
1780 2092 1952 2115 Vgl.Ps.33‚5.

70 2148 98 2168 3⁵
124 2140 237 2173 multis
255 2139 526 2172 tribulationibus
545 2140 668 2182 eripuit
689 2151 752 2177 me,
771 2140 806 2170 in
824 2150 923 2180 quem
942 2150 1046 2181 spero,
1064 2139 1142 2180 quia
1161 2143 1195 2170 et
1212 2139 1318 2170 adhuc
1336 2138 1460 2179 eripiet.

214 2194 316 2231 Haec,
335 2193 467 2225 domine
487 2197 521 2224 et
541 2197 635 2235 pater
654 2193 870 2229 sanctissime,
890 2204 967 2224 cum
987 2193 1079 2224 omni
1098 2192 1202 2223 animi
1220 2192 1415 2223 contritione
1434 2195 1467 2222 et
1486 2194 1611 2232 quanta
1632 2200 1764 2230 possum

122 2246 310 2279 humilitate
331 2247 481 2289 deposco,
506 2251 543 2278 ut
565 2250 751 2288 pensantes,
773 2250 899 2287 quanto
920 2246 1024 2277 cordis
1047 2257 1168 2277 merore
1189 2245 1256 2276 sint
1276 2245 1374 2282 dicta,
1397 2256 1462 2275 non
1482 2246 1692 2285 aspernanter
1712 2252 1763 2273 ac·

120 2301 250 2342 cipiatis
266 2304 300 2331 et
317 2312 383 2332 non
399 2300 534 2332 subdole
550 2300 743 2331 auctoritati
759 2304 885 2330 vestrae
902 2299 1138 2330 subiectionem
1156 2310 1263 2330 meam
1279 2298 1441 2339 scripsisse
1457 2297 1548 2328 vobis
1563 2308 1581 2327 a
1597 2306 1764 2337 quoquam

123 2354 306 2395 persuaderi
315 2353 328 2373 ⁸
341 2354 468 2385 sinatis.
490 2354 555 2385 Nec
571 2365 619 2391 ea,
632 2364 715 2394 quae
730 2353 824 2384 modo
837 2352 1018 2393 dignationi
1030 2356 1156 2383 vestrae
1169 2352 1303 2383 scribere
1317 2351 1394 2382 fisus
1405 2352 1443 2382 de
1455 2349 1628 2381 clementia
1639 2352 1764 2379 vestrae

73 2477 101 2495 ⁴⁰
207 2482 231 2509 ³)
249 2483 407 2504 commotam
425 2480 456 2503 Β.
541 2478 564 2509 ι))
581 2479 684 2503 Ζτυείιεε
698 2480 705 2502 i
721 2478 869 2508 ilberqeschr.
886 2477 916 2501 Β.
997 2480 1019 2506 ⁰)
1037 2477 1158 2508 obsequis
1173 2477 1204 2501 B.
1291 2475 1316 2505 ⁴¹)
1335 2477 1350 2501 h
1368 2475 1483 2499 :wischen
1500 2475 1517 2498 b
1530 2474 1583 2497 und
1602 2482 1617 2496 o
1636 2474 1717 2504 qetilyt
1737 2473 1764 2496 Β.

124 2527 146 2551 e)
165 2527 321 2554 conquestae
340 2524 371 2548 B.
455 2522 474 2553 ¹)
493 2525 685 2555 conquiruntur
702 2523 732 2546 B.

217 2613 241 2643 l)
263 2611 364 2637 Kaiser
390 2611 491 2637 Loehar
507 2612 532 2637 I.
647 2612 674 2642 2)
695 2610 737 2635 II.
768 2609 952 2641 (844—847).
1062 2609 1089 2640 3)
1110 2608 1157 2633 IV.
1183 2607 1366 2640 (347—855).
1486 2608 1514 2637 4)
1535 2605 1616 2631 Nicht
1639 2604 1762 2629 erhalteu.

121 2656 176 2689 Vql.
200 2655 386 2686 Maezhlbacher,
412 2656 537 2688 Reqesten
552 2656 562 2670 ‘2
585 2664 612 2680 η,
626 2655 726 2680 112411.
750 2669 784 2672 —
805 2653 833 2678 S.
856 2653 924 2678 auch
945 2652 1009 2677 oben
1032 2652 1081 2677 Nr.
1102 2653 1154 2677 134
1175 2652 1204 2677 S.
1218 2652 1268 2677 181
1292 2651 1324 2676 Z.
1345 2650 1413 2684 Jff.,·
1433 2653 1515 2675 unten
1538 2650 1566 2674 S.
1586 2649 1638 2674 210
1660 2648 1689 2673 Ζ.
1702 2647 1763 2679 31Ῐ.

124 2702 151 2731 5)
172 2700 237 2725 MG.
262 2699 352 2733 Epist.
371 2699 403 2730 V,
418 2700 505 2733 609ff.
529 2700 579 2725 Nr.
594 2700 641 2728 46,·
662 2697 847 2725 Μᾶὶιὶόαεῆρν,
871 2697 995 2729 Reqesteu
1012 2696 1022 2711 2
1044 2705 1071 2721 π.
1085 2696 1164 2721 1149.
1258 2696 1285 2726 6)
1302 2695 1358 2727 Vql.
1374 2694 1438 2719 oben
1462 2694 1574 2719 Nr.126
1595 2693 1623 2717 S.
1636 2693 1669 2717 65
1690 2691 1720 2716 Z.
1734 2691 1764 2716 5.-

71 2749 99 2769 45
124 2744 179 2770 duo
202 2744 312 2770 credere
334 2744 420 2773 nolui,
435 2745 551 2769 tertium
573 2744 642 2769 satis
660 2743 768 2768 invitus
788 2741 901 2768 credidi.
1008 2741 1036 2771 7)
1053 2739 1109 2772 Vql.
1123 2740 1222 2769 Peras,
1236 2740 1322 2771 Papst
1335 2739 1363 2764 N
1365 2738 1471 2763 ikolaus
1484 2738 1508 2763 Ι.
1527 2737 1583 2762 und
1599 2735 1764 2762 Anastasius

127 2788 352 2814 Bibliotheoarius
364 2788 393 2814 S.
407 2789 460 2814 313
473 2789 508 2814 A.
522 2788 546 2813 2.
569 2788 597 2813 S.
612 2787 681 2812 auch
693 2786 755 2812 oben
771 2786 821 2811 Nr.
838 2785 887 2810 186
900 2784 928 2810 S.
943 2784 995 2809 190
1011 2784 1040 2809 Ζ.
1054 2784 1089 2809 :24
1096 2783 1115 2816 s.
1136 2783 1192 2808 *und
1208 2783 1242 2808 A.
1257 2784 1273 2808 2
1292 2782 1348 2807 und
1360 2781 1388 2807 S.
1402 2782 1454 2807 193
1466 2782 1495 2806 Z.
1510 2782 1543 2806 40
1551 2781 1569 2812 f.
1663 2781 1689 2809 S)
1708 2778 1762 2810 Vyl.

123 2832 185 2857 oben
203 2832 232 2857 Z.
247 2831 306 2864 101.
328 2832 383 2858 und
400 2833 433 2858 A.
450 2834 472 2857 7.
