2220 3192
364 310 437 339 8154.

321 356 368 376 loh.
383 357 403 380 6,
414 356 449 376 52.

338 906 371 926 Ps.
382 907 416 929 32,
429 907 447 927 7,

253 1335 412 1358 valatthe
419 1335 454 1356 44.

255 2201 304 2223 an.
314 2201 379 2221 Rom.
389 2202 421 2222 10,
432 2202 452 2222 2.

470 217 527 245 162
1034 213 1222 240 HJNKMAR
1241 213 1320 240 VON
1340 214 1460 241 REIMS
1483 215 1541 242 169.

462 308 568 341 ‘Panis⁵
581 318 663 343 quem
677 316 729 341 ego
745 308 857 339 dedero,
868 315 932 333 caro
948 315 1013 332 mea
1026 309 1070 332 est
1086 315 1137 340 pro
1154 306 1252 338 mundi
1269 303 1351 333 vita'.
1370 306 1408 333 Et
1420 307 1492 334 item
1507 307 1576 334 alibi
1589 307 1667 333 idem
1679 306 1861 333 Gotescaleus
1875 303 2008 333 scribit:1
2023 307 2109 334 Absit

464 363 560 398 procul
578 372 595 388 a
612 370 666 392 me,
685 364 718 387 ut
735 360 780 386 vel
795 359 866 386 illud
883 359 1061 385 solummodo
1079 358 1166 385 velim
1182 360 1354 393 sompniare,
1373 360 1479 386 nedum
1495 359 1583 387 semel
1599 368 1754 391 susurrare,
1773 363 1807 386 ut
1823 359 1913 387 ullum
1929 369 2029 387 eorum
2045 369 2106 394 per-

463 416 615 451 petualiter
632 422 727 440 secum
745 413 905 448 periturum
923 413 1060 446 antiquus
1080 421 1177 446 rapere
1193 412 1290 439 valeat
1303 414 1413 446 0118010,
1432 422 1483 447 pro
1498 414 1602 447 quibus
1616 413 1791 439 redimendis
1810 418 1871 440 tam
1889 414 2031 447 pretiosus
2046 413 2107 439 Deo

464 469 538 502 patri
557 467 666 493 domini
686 465 739 492 Dei
759 466 850 492 nostri
867 465 918 491 filii
935 466 979 491 sui
997 466 1077 491 fusus
1094 468 1139 491 est
1155 466 1278 499 sanguis.
1305 466 1405 492 Amen.
1432 467 1470 493 Et
1485 467 1557 493 item
1573 467 1692 500 loquens
1711 466 1748 492 ad
1766 466 1872 492 Deum:
1898 466 1993 493 Claret
2008 468 2106 500 itaque

462 523 532 547 satis
550 522 657 554 aperte,
675 515 763 556 quod
781 518 875 544 nullus
894 518 951 544 tibi
970 519 1055 552 perit,
1075 519 1203 552 quisquis
1222 519 1387 553 redemptus
1405 523 1451 546 est
1469 529 1518 554 per
1536 521 1704 553 sanguinem
1724 520 1814 546 crucis
1833 523 1910 545 tuae.

542 578 635 615 Quod
650 577 945 608 Praedestinatiani
958 581 1082 608 veteres
1098 589 1164 608 11011
1177 578 1343 616 dixerunt,
1359 578 1423 609 iste
1438 582 1476 609 ut
1489 579 1646 610 audacius
1660 579 1707 609 ita
1721 582 1755 608 et
1769 578 1980 619 perniciosius
1994 578 2106 609 dicitss:

461 632 617 663 deitatem
633 633 764 661 sanctae
778 630 939 661 trinitatis
955 630 1077 661 trinam
1093 641 1158 662 esse
1168 631 1191 662 2.
1210 630 1296 662 Sunt
1315 635 1349 662 et
1363 631 1437 670 alia,
1453 642 1537 673 quae
1552 634 1603 662 etb
1625 631 1694 673 ipse
1717 634 1750 662 et
1772 630 1827 663 alii
1850 630 1958 672 plures
1980 631 2016 662 in
2037 631 2108 662 istis

463 684 610 727 partibus
629 684 754 720 dicunt,
769 693 853 724 quae
870 683 961 714 nobis
977 694 1073 714 sanae
1090 683 1163 715 fidei
1177 684 1339 715 adversari
1352 685 1517 716 videntur.
1546 685 1636 722 Quae
1651 685 1732 715 dum
1747 695 1803 725 per
1817 684 1921 715 alium
1935 694 2037 725 quam
2052 695 2109 726 per

462 737 626 769 vilitatem
647 744 817 778 personae0
839 743 945 767 meaec
965 737 1145 768 auctoritas
1165 741 1273 768 vestra
1293 738 1492 778 cognoverit,
1514 738 1596 768 forte
1617 737 1769 768 attendet
1788 737 1951 768 sollertius
1971 741 2005 768 et
2024 748 2108 778 quae

462 791 535 822 inde
550 790 691 821 tenenda
706 793 785 820 sunt
799 790 911 821 (100010
926 790 1072 821 studebit
1085 791 1293 832 quantocius.
1308 791 1381 822 Erit
1395 791 1484 822 enim
1499 791 1533 822 in
1549 791 1699 832 proximo
1714 790 1789 821 inde
1805 791 1992 828 necessitas3
2010 794 2076 827 quia
2085 790 2107 824 ³,

460 847 534 874 etsi<¹
552 855 651 874 eorum
672 846 758 873 corda
781 847 831 872 in⁰
849 847 962 873 insania
988 848 1113 880 perversi
1140 855 1238 874 sensus
1261 847 1413 878 ebulliunt,
1441 844 1590 875 ortodoxi
1615 850 1713 874 tamen
1736 843 1818 884 regis
1839 843 1941 875 nostri
1961 847 2108 885 tempore

462 909 560 935 prava,
571 909 642 934 quae
657 900 797 931 sentiunt,
805 899 901 933 eloqui
915 908 973 926 non
988 904 1184 934 praesumunt,
1197 901 1241 927 ita
1256 903 1289 927 ut
1304 904 1400 934 aperte
1417 901 1566 927 videamus
1580 901 1692 934 impleri
1709 900 1785 934 quod
1799 900 1940 934 scriptum
1953 906 2010 926 est:
2026 896 2109 926 ‘Con-

461 962 579 988 gregans
593 954 669 980 sicut
681 954 711 979 in
726 953 804 979 utret
820 961 909 987 aquas
926 950 1032 980 maris.'
1048 954 1132 987 Aqua
1145 955 1223 980 enim
1239 955 1325 980 maris
1339 955 1415 980 sicut
1428 955 1458 980 111
1474 958 1537 981 utre
1554 957 1725 988 congregata
1737 957 1792 985 est,
1807 951 1884 991 quia
1901 962 1999 980 amara
2014 953 2110 980 haere-

461 1009 583 1034 ticorum
596 1007 727 1038 seientia,
741 1003 897 1044 quicquid
909 1003 1003 1034 hodie
1016 1003 1051 1034 111
1065 1004 1128 1034 isto
1142 1014 1238 1044 regno
1254 1003 1311 1035 filii
1325 1004 1425 1035 vestri
1438 1004 1552 1035 domni
1569 1003 1681 1035 Karoli
1696 1015 1825 1040 pravum
1838 1008 1939 1038 sentit,
1952 1007 1982 1033 in
1995 1015 2109 1040 pectore

461 1061 626 1094 comprimit
640 1063 672 1086 et
689 1062 786 1093 aperte
804 1059 897 1086 dicere
914 1068 972 1086 11011
989 1061 1157 1094 praesumit.
1177 1057 1285 1088 Meam
1302 1067 1431 1098 quoque
1449 1057 1667 1098 exiguitatem
1684 1062 1717 1088 et
1734 1057 1860 1088 occulte
1877 1057 1994 1088 canino
2013 1057 2109 1088 dente

460 1111 645 1141 corrodunt.
669 1109 796 1141 Facile¹3
817 1110 995 1140 adiuvante
1010 1110 1153 1141 Domino
1177 1112 1306 1151 portare
1321 1109 1446 1147 valebo,
1463 1110 1540 1151 quia
1556 1114 1590 1141 et
1607 1110 1686 1141 mihi
1703 1120 1849 1152 paucum
1864 1113 2012 1152 superest
2026 1113 2109 1141 tem-

463 1163 549 1206 poris
571 1163 719 1205 spacium
741 1166 785 1200 et,
808 1162 835 1194 si
857 1163 943 1194 inter
966 1162 1047 1194 filios
1071 1163 1221 1194 ecclesiae
1244 1163 1459 1205 permittente
1480 1164 1548 1195 Deo
1570 1164 1606 1194 in
1630 1174 1680 1194 me
1702 1163 1888 1204 acceperint
1911 1165 2110 1205 potestatem

462 1216 671 1258 corporaliter
687 1215 865 1257 affligendi,
880 1216 992 1247 divina
1010 1217 1113 1257 gratia
1128 1217 1306 1248 adiuvante
1325 1216 1523 1248 exercebunt
1542 1217 1750 1258 patientiam.
1772 1215 1834 1247 Sed
1852 1221 1895 1254 et,
1916 1217 1943 1247 si
1960 1219 2110 1248 tantum-

464 1270 558 1301 modo
575 1269 658 1301 male
672 1269 841 1300 sentiendo
855 1269 1125 1307 adversabuntur,
1140 1269 1339 1301 exercebunt
1353 1269 1694 1311 quantulamcumque
1709 1270 1882 1301 scientiam
1896 1273 1940 1307 et,
1958 1273 1995 1300 ut
2009 1269 2110 1300 etiam

465 1323 590 1355 inimici
609 1323 789 1354 secundum
810 1326 1023 1364 praeceptum
1042 1323 1177 1354 Domini
1196 1322 1386 1364 diligantur,
1407 1322 1606 1354 exercebunt
1624 1323 1892 1354 benivolentiam.

535 1385 726 1416 Praefatum
738 1388 852 1415 autem
868 1384 1128 1422 Gothescalcum,
1143 1385 1170 1416 si
1184 1389 1291 1416 vestra
1305 1385 1486 1416 auctoritas
1501 1385 1580 1416 mihi
1594 1385 1769 1427 scripserit,
1786 1389 1825 1416 ut
1838 1395 1916 1415 eum
1930 1395 1949 1415 a
1963 1384 2110 1416 custodia

463 1438 587 1469 solvam
604 1442 638 1469 et
653 1442 712 1469 aut
728 1438 769 1469 ad
786 1448 843 1469 vos
860 1438 970 1475 eundi,
991 1442 1029 1468 ut
1046 1449 1102 1480 per
1118 1449 1176 1469 vos
1193 1438 1263 1469 eius
1279 1438 1465 1469 doctrinam
1482 1438 1709 1480 experiamini,
1733 1442 1794 1469 aut
1810 1439 1852 1469 ad
1868 1448 2110 1479 quemcumque

462 1502 503 1522 ex
523 1492 654 1522 nomine
672 1491 880 1532 designatum
899 1491 1052 1533 pergendi
1070 1491 1238 1523 licentiam
1258 1492 1378 1522 donem
1393 1510 1437 1514 —
1454 1491 1542 1532 quia,
1564 1496 1601 1522 ut
1621 1491 1737 1523 melius
1756 1491 1820 1533 ipsi
1838 1491 1939 1528 scitis,
1959 1491 2044 1522 sicut
2063 1494 2111 1520 ab-

463 1543 577 1574 solute4
594 1545 731 1586 quisque
750 1544 939 1585 regulariter
957 1548 1084 1575 ordinari
1103 1555 1169 1576 non
1183 1544 1281 1582 valet,
1302 1545 1349 1576 ita
1369 1545 1431 1576 nisi
1449 1556 1491 1576 ex
1509 1545 1612 1586 ipsius
1630 1555 1802 1582 consensu,
1821 1545 1916 1576 cuius
1934 1555 2001 1575 esse
2020 1544 2111 1575 dino-

463 1599 574 1635 scitur,
598 1602 703 1629 certae
728 1609 882 1639 personae
905 1598 1187 1629 commendandus
1209 1602 1242 1629 et
1265 1598 1306 1628 ad
1329 1602 1457 1629 certum
1481 1598 1589 1629 locum
1614 1598 1793 1629 monachus
1815 1597 1868 1629 vel
1890 1598 2028 1639 quisque
2051 1596 2111 1628 sub

464 1651 572 1692 regula
588 1652 790 1682 constitutus
806 1662 825 1682 a
842 1651 911 1683 loco
929 1662 987 1682 suo
1004 1651 1128 1683 absolvi
1144 1651 1240 1682 iuxta
1258 1651 1384 1692 regulas
1402 1662 1508 1683 sacras
1527 1663 1592 1682 non
1608 1651 1697 1682 valet
1709 1670 1763 1689 —‚
1780 1651 1897 1682 vestris
1913 1650 2112 1682 iussionibus

466 1705 651 1736 nullomodo
664 1704 844 1737 resultabo:
858 1708 994 1735 tantum
1009 1708 1064 1736 uth
1076 1705 1311 1736 auctoritatem
1322 1708 1468 1736 vestram
1480 1704 1629 1742 habeam,
1646 1716 1684 1735 ne
1698 1708 1871 1736 tantorum
1884 1704 2112 1746 episcoporum

464 1758 643 1789 iudiciumss
663 1769 734 1789 mea
753 1758 1021 1800 praesumptione
1040 1758 1273 1800 parvipendere
1291 1758 1412 1789 videar.
1430 1758 1505 1789 Non
1523 1758 1613 1788 enim
1631 1757 1719 1789 illius
1736 1757 1888 1796 delector,
1907 1768 2009 1798 quam
2026 1757 2111 1788 iuste

464 1811 605 1842 sustinet
624 1810 856 1852 pertinaciter⁶
869 1815 1062 1848 contumax,
1078 1810 1433 1852 quantulamcumque¹
1453 1810 1642 1842 reclusionis
1663 1809 1875 1848 molestiamk‚
1896 1811 1951 1842 sed
1970 1809 2072 1847 doleo,
2093 1821 2112 1840 a

463 1875 526 1905 qua
542 1866 682 1896 revocari
700 1876 766 1896 non
782 1868 902 1906 potest,
914 1864 1096 1906 perfidiam.
1121 1865 1227 1902 Quem
1242 1864 1268 1895 si
1283 1864 1481 1905 cuicumque
1495 1865 1798 1895 commendandum
1807 1867 1916 1895 vestra
1930 1864 2111 1899 auctoritas

463 1918 591 1955 viderit,
610 1918 669 1949 hoc
688 1919 723 1949 in
741 1918 1028 1949 commendatione
1047 1918 1149 1949 etiam
1168 1917 1364 1959 providebit,
1386 1921 1423 1948 ut
1441 1917 1493 1948 cui
1512 1917 1800 1948 commendabitur
1818 1917 1998 1949 catholicus
2016 1917 2060 1948 sit
2077 1920 2110 1947 et

463 1972 658 2012 gravitatem
677 1971 928 2003 ecclesiasticam
946 1975 979 2002 et
998 1971 1142 2012 vigorem
1160 1982 1196 2002 ac
1216 1971 1455 2012 scripturarum
1474 1971 1647 2002 scientiam
1666 1971 1794 2008 habeat,
1821 1971 1898 2012 quia
1918 1981 1984 2002 non
2003 1969 2110 2002 solum

465 2025 642 2066 scripturas
661 2026 703 2056 ad
723 2036 822 2056 suum
843 2036 976 2056 sensum
996 2024 1155 2056 violenter
1175 2024 1323 2062 inflexas,
1345 2024 1399 2055 sed
1419 2028 1454 2055 et
1472 2024 1708 2055 catholicorum
1728 2025 1817 2056 dicta
1836 2025 2032 2055 detruncata
2053 2034 2110 2064 per

465 2081 575 2108 totum
593 2078 680 2109 diem
699 2079 767 2109 sine
787 2078 1000 2120 respiratione
1019 2077 1129 2119 aliqua
1149 2077 1315 2119 praevalet
1336 2077 1525 2108 memoriter
1543 2078 1729 2109 decantare.

534 2140 628 2171 Unde
649 2151 714 2171 non
733 2140 839 2171 solum
858 2141 976 2171 idiotas
994 2140 1030 2171 in
1048 2140 1301 2171 admirationem
1321 2140 1371 2170 sui
1390 2139 1561 2177 abducere,
1586 2150 1703 2171 verum
1721 2143 1755 2171 et
1774 2138 1889 2170 sciolos
1907 2143 1941 2170 et
1959 2139 2109 2170 incautos

466 2196 564 2232 atque
583 2193 688 2224 zelum
706 2194 776 2229 Dei,
801 2194 855 2224 sed
874 2205 940 2224 non
957 2194 1138 2225 secundum
1156 2193 1327 2224 scientiam
1344 2193 1500 2224 habentes
1517 2193 1552 2224 in
1569 2193 1769 2224 sententiam
1788 2204 1883 2224 suam
1901 2192 2016 2223 solitus
2039 2195 2110 2223 erat

465 2246 642 2277 traducere.
668 2246 711 2277 Et
728 2258 794 2277 non
810 2247 916 2278 solum
932 2247 1104 2278 doctorum
1121 2258 1256 2278 suorum
1272 2247 1386 2277 doctor
1400 2247 1502 2277 videri
1518 2247 1658 2287 appetit,
1675 2247 1730 2277 sed
1746 2250 1779 2277 et
1794 2246 1853 2277 hoc
1870 2245 2014 2277 sollerter
2029 2245 2108 2276 satis

465 2299 617 2336 intendit,
637 2304 673 2329 ut
690 2310 800 2330 secum
816 2299 986 2340 loquentes
1001 2300 1054 2331 vel
1070 2301 1104 2331 in
1121 2311 1268 2331 sermone
1285 2302 1414 2341 capere¹
1428 2299 1547 2331 valeat.
1565 2300 1620 2336 Et,
1638 2300 1664 2331 si
1681 2300 1719 2330 de
1736 2300 1874 2330 veritate
1893 2310 1959 2330 non
1977 2298 2107 2340 poterit,

549 2443 572 2469 ει)
589 2441 652 2463 dixit
672 2443 693 2463 1.
780 2440 802 2470 ι’)
817 2442 887 2465 sem
903 2444 926 2467 15,
943 2443 966 2465 ὃ.
1050 2447 1072 2471 ⁶)
1091 2450 1162 2466 meae
1178 2450 1301 2474 personae
1316 2443 1340 2470 2,
1357 2443 1380 2466 3.
1473 2441 1497 2472 d)
1515 2443 1536 2465 si
1553 2445 1579 2465 et
1596 2444 1619 2465 1.
1705 2444 1727 2471 e)
1744 2441 1814 2465 Fehlt
1828 2443 1863 2465 1³.
1949 2440 1968 2471 f)
1985 2444 2069 2464 utrem
2083 2442 2106 2464 1.

469 2487 492 2513 ἕ)
510 2488 595 2507 aulem
613 2484 767 2514 Itiuznqesiiglt
784 2486 806 2508 3.
938 2484 960 2512 ¹¹)
980 2486 1050 2509 Femt
1068 2488 1089 2509 1.
1238 2485 1256 2515 ¹)
1275 2486 1430 2517 quantulam
1449 2488 1477 2510 1:
1501 2486 1740 2516 quantulacumque
1755 2487 1778 2509 3.
1910 2484 1935 2514 k)
1950 2485 2067 2508 molestia
2082 2485 2105 2508 3.
2130 2491 2158 2511 40

468 2527 486 2556 ¹)
500 2528 569 2551 Fehlt
584 2529 606 2551 Ι.

561 2635 585 2663 l)
602 2633 654 2658 Die
670 2634 767 2665 qleiche
782 2634 861 2659 Form
879 2634 924 2659 {les
941 2629 1108 2667 Uberfflzfnyes
1126 2636 1195 2661 (111011
1214 2636 1255 2661 bei
1268 2636 1296 2661 H
1299 2636 1409 2661 inlcmar
1427 2645 1451 2660 α.
1466 2644 1490 2661 α.
1503 2635 1533 2661 Ο.
1628 2636 1655 2667 2)
1672 2635 1727 2667 Vql.
1742 2635 1784 2660 die.
1797 2635 1931 2660 Schulula
1942 2635 2107 2660 Gottschalks

467 2677 531 2702 oben
550 2678 600 2702 Nr.
615 2678 665 2702 141
686 2678 713 2702 S.
727 2678 813 2711 110ff.
916 2679 943 2710 3)
958 2678 1013 2710 Γῃῖ.
1032 2679 1179 2707 Ηίηληηιιν,
1198 2680 1237 2705 De
1254 2680 1508 2713 praedestinatione,
1527 2679 1622 2711 Miqne
1640 2680 1701 2707 125,
1719 2680 1779 2704 354.
1888 2679 1986 2712 4)1’9l.
2006 2679 2106 2704 Konzil

467 2730 518 2747 von
537 2721 684 2747 Chalcedon
709 2730 729 2747 0.
743 2722 768 2752 (ἰ,
793 2721 883 2747 Codex
904 2731 1039 2747 canonum
1061 2724 1163 2756 (1609)
1190 2724 1218 2749 S.
1238 2724 1304 2754 124‚·
1330 2724 1483 2750 Hinschius
1507 2724 1535 2748 S.
1549 2723 1609 2749 285.
1727 2725 1755 2755 5)
1773 2723 1894 2749 Gemeint
1918 2723 2038 2757 offenbar
2061 2723 2106 2748 der
2199 2751 2202 2756 Α

471 2765 670 2798 Urteilsspruch
694 2766 739 2790 der
757 2766 865 2798 Swzodv
892 2775 939 2791 ron
959 2766 1075 2799 Qnierzy
1095 2768 1155 2795 849,
1184 2768 1231 2800 wyl.
1259 2768 1324 2793 oben
1344 2768 1373 2793 S.
1387 2768 1421 2793 23
1448 2767 1504 2793 und
1524 2768 1558 2793 A.
1573 2768 1597 2792 (ι’.
1710 2768 1737 2799 6)
1760 2768 1815 2800 Γρῖ.
1838 2768 1903 2793 oben
1923 2768 1950 2793 S.
1965 2767 1999 2793 23
2017 2767 2047 2793 Ζ.
2062 2767 2104 2797 15,
2128 2771 2156 2792 45

467 2810 533 2835 auch
556 2810 583 2834 S.
601 2811 633 2834 10
653 2810 686 2835 A.
701 2811 724 2835 5.

2135 798 2162 818 10
2206 781 2217 806 ἶ,

2134 1063 2205 1083 1⁵

2134 1329 2162 1349 20
2202 1336 2209 1352 ι,

2136 1602 2203 1623 2⁵

2136 1868 2163 1888 30

2133 2147 2161 2167 35
