2220 3192
28 800 54 821 10

27 1073 54 1094 15

28 1343 54 1364 2⁰

28 1609 55 1629 25

28 1884 56 1904 30

29 2152 56 2173 85

30 2427 57 2447 40

31 2735 58 2755 45

647 223 833 249 HINRMAR
853 223 930 249 VON
952 222 1070 248 REIMS
1093 223 1152 248 160.
1664 220 1719 248 131

171 314 220 343 20.
252 312 460 353 Quapropter
479 316 512 343 et
530 312 565 343 in
583 313 697 344 eodem
715 312 868 344 concilio1
890 311 1087 343 Mauritania
1109 311 1289 342 Scitifensis
1309 311 1505 352 sep[a]rata⁸
1522 321 1541 341 a
1561 310 1726 351 provintia
1753 312 1826 341 863.

79 365 292 397 Numidiense
309 375 469 396 consensu
486 365 590 407 ipsius
608 365 759 407 primatis
777 370 809 396 et
828 368 1070 395 consentientibus
1088 368 1219 394 omnibus
1237 367 1408 402 primatibus
1426 367 1635 400 provintiarum
1653 366 1726 392 Afri-

80 430 215 449 canarum
234 421 279 447 vel
298 421 430 447 omnibus
449 422 587 456 episcopis
606 426 722 456 propter
741 422 979 456 longinquitatem
999 419 1170 460 proprium
1190 418 1366 459 primatem
1386 420 1488 446 habere
1513 421 1650 454 permissa
1673 423 1725 446 est.

79 472 123 503 Et
136 472 330 503 Africanum
344 471 424 502 dicit
438 471 615 503 concilium
623 471 646 508 ²,
664 475 702 503 ut
717 484 828 507 causae,
844 483 915 509 quae
932 483 1095 501 communes
1109 483 1167 501 non
1181 478 1258 505 sunt,
1273 475 1302 500 in
1317 475 1374 500 suis
1390 474 1540 508 provintiis
1555 474 1725 499 iudicentur.

80 524 130 555 Si³
145 532 244 554 autem
259 528 347 554 fuerit
362 533 561 561 provocatum,
576 528 664 562 eligat
680 529 728 562 qui
744 529 944 562 provocaverit
958 529 1064 554 iudices
1081 532 1111 554 et
1127 537 1192 554 cum
1207 536 1241 554 eo
1256 531 1287 553 et
1301 527 1357 558 ine,
1374 530 1474 553 contra
1491 535 1575 560 quem
1591 535 1726 560 provoca-

79 582 163 612 verit,
179 585 213 607 ut
229 581 266 608 ab
281 582 349 615 ipsis
365 581 498 615 deinceps
514 581 584 607 nulli
599 581 685 608 liceat
701 590 863 615 provocare.
890 578 934 609 Et
948 578 1121 609 Antioceni
1137 588 1278 609 canones
1294 576 1441 614 (1101111134,
1460 580 1497 608 ut
1509 580 1533 613 b,
1550 581 1574 606 si
1591 581 1653 614 quis
1669 581 1726 613 epi-

78 643 180 669 scopus
197 635 231 660 de
250 635 333 660 certis
351 635 516 660 criminibus
533 638 683 661 accusatus
701 635 925 669 condempnetur
942 634 979 661 ab
995 634 1127 661 omnibus
1143 635 1281 668 episcopis
1298 634 1424 660 eiusdem
1442 633 1602 667 provintiae
1620 634 1727 660 cuncti-

80 697 133 723 que
151 691 340 714 consonanter
355 687 475 714 eandem
492 691 592 714 contra
607 696 673 714 eum
689 688 811 714 formam
827 688 933 714 decreti
950 688 1130 722 protulerint,
1147 688 1222 714 hunc
1238 687 1315 721 apud
1332 688 1401 713 alios
1418 687 1582 713 nullomodo
1597 687 1727 717 iudicari,

79 741 128 768 sed
143 741 255 767 firmam
270 741 505 768 concordantium
519 741 715 774 episcoporum
731 742 891 774 provintiae
904 750 1016 767 manere
1028 742 1210 767 sententiam.
1224 737 1269 768 Et
1283 737 1359 768 hinc
1373 737 1461 778 quod
1478 736 1728 778 praemisimus⁵

79 791 184 823 Iulius
204 791 320 822 dicitss:
354 793 440 820 Salva
467 794 639 828 apostolicae
660 795 792 820 ecclesiae
814 796 986 821 auctoritate
1007 795 1100 820 nullus
1120 795 1269 828 episcopus
1289 797 1372 820 extra
1392 802 1473 820 suam
1495 793 1670 827 provintiam
1690 792 1727 819 ad

77 848 216 874 iudicium
235 847 398 874 devocetur.
430 847 484 873 Sed
504 850 607 873 vocato
624 856 658 873 eo
677 848 810 874 canonice
828 849 857 873 in
874 847 936 874 loco
954 848 1086 874 omnibus
1105 856 1228 881 congruo
1246 851 1374 880 tempore
1392 847 1522 880 synodali
1541 847 1578 872 ab
1595 846 1727 872 omnibus

79 901 354 935 conprovintialibus
375 901 514 935 episcopis
535 901 679 929 audiatur,
702 901 748 934 qui
771 901 938 927 concordem
959 910 1043 935 super
1063 909 1128 926 eum
1151 901 1372 934 canonicamque
1394 900 1517 934 proferre
1540 900 1646 926 debent
1666 908 1727 925 sen—

78 955 209 981 tentiam.

171 1015 218 1044 21.
245 1014 329 1044 Cum
346 1013 423 1044 haec
441 1014 488 1044 ita
506 1024 538 1043 se
556 1012 708 1049 habeant,
729 1023 797 1049 nos5
818 1012 872 1043 ubi
890 1013 1027 1044 rationis
1044 1016 1077 1044 et
1093 1013 1301 1044 auctoritatis
1320 1015 1472 1054 perurget
1490 1012 1677 1049 necessitas,
1695 1015 1728 1043 et

81 1067 200 1098 iudicia
229 1067 386 1098 canonica
416 1067 610 1107 exequimur
640 1069 673 1097 et
701 1065 857 1107 culpandi
889 1077 954 1097 non
978 1077 1103 1103 sumus⁷
1126 1067 1286 1107 quoniam
1307 1065 1401 1097 aliter
1425 1076 1498 1106 erga
1522 1065 1638 1096 fratres
1662 1076 1727 1096 non

80 1120 219 1161 agimus,
238 1130 339 1160 quam
357 1119 554 1161 apostolicae
572 1119 654 1150 sedis
674 1130 778 1160 papae
798 1119 864 1150 fieri
884 1119 990 1161 placet
1006 1130 1172 1160 quamque
1190 1120 1278 1160 quod
1295 1120 1366 1160 ipsa
1386 1119 1493 1160 prima
1511 1119 1545 1149 in
1563 1122 1634 1149 toto
1653 1118 1728 1149 orbe

78 1178 246 1205 terrarum
262 1174 352 1205 sedes
370 1174 517 1204 fiendum
534 1184 600 1204 esse
617 1173 770 1204 decrevit.
805 1174 895 1210 Quae
913 1184 979 1204 non
996 1173 1081 1204 inter
1098 1184 1130 1204 se
1147 1173 1281 1204 adversa
1300 1183 1404 1213 neque
1420 1172 1546 1203 diversa
1563 1175 1727 1203 tenemus.

82 1227 174 1259 Sicut
189 1231 223 1257 et
236 1228 325 1268 quod
339 1228 467 1258 dictum
482 1230 531 1257 est
545 1227 586 1258 ab
601 1225 786 1267 evangelica
801 1227 938 1257 veritate
954 1227 992 1257 de
1006 1226 1198 1267 baptizante
1211 1226 1366 1263 Domino,
1381 1225 1564 1256 tenendum
1578 1226 1728 1256 doctrina

79 1280 317 1312 catholicorum
335 1281 532 1322 accepimus.
562 1280 748 1320 Utrumque
766 1284 879 1311 auten]
897 1280 936 1310 de
953 1280 1095 1310 Domino
1115 1280 1277 1320 scriptum
1295 1283 1359 1310 est:
1378 1282 1422 1316 et,
1441 1279 1518 1319 quia
1536 1279 1728 1320 baptizabat
1744 1285 1795 1309 Vsl-
1803 1284 1855 1306 1⁰¹³-
1863 1285 1940 1310 4‚1-2-

82 1334 155 1376 plus
173 1345 277 1375 quam
295 1334 468 1370 Iohannes,
489 1337 532 1370 et,
552 1333 630 1373 quia
649 1333 717 1374 ipse
738 1344 803 1364 non
822 1333 1024 1374 baptizabat,
1044 1334 1099 1364 sed
1117 1332 1269 1374 discipuli
1288 1333 1369 1369 eius,
1390 1335 1428 1363 ut
1446 1331 1677 1372 intellegamus
1696 1335 1728 1362 et

81 1389 193 1430 ipsum
212 1390 293 1419 tunc
311 1387 495 1428 baptizasse
523 1387 607 1417 sicut
633 1390 666 1416 et
687 1397 774 1417 nunc
793 1386 960 1428 baptizare
981 1387 1163 1427 praesentia
1186 1386 1377 1421 maiestatis,
1399 1396 1465 1416 non
1484 1389 1598 1416 tamen
1617 1385 1729 1426 ipsum

79 1441 264 1484 baptizasse
288 1440 440 1472 manibus
462 1440 543 1477 suis3
566 1440 670 1481 ipsius
692 1439 781 1470 enim
803 1443 872 1470 erat
893 1439 1051 1481 baptismi
1074 1443 1329 1476 sacramentum,
1352 1439 1394 1469 ad
1416 1438 1594 1480 discipulos
1614 1442 1729 1469 autem

80 1495 271 1538 baptizandi
289 1494 509 1526 ministerium
526 1493 721 1535 pertinebat.
739 1493 784 1523 Et
798 1493 997 1533 quicumque
1013 1494 1066 1529 sit,
1077 1494 1134 1534 qui
1149 1492 1322 1524 catholicec
1336 1492 1514 1533 baptizatis
1531 1503 1585 1533 per
1601 1491 1729 1522 debitae

81 1559 117 1580 ae
138 1548 280 1580 traditae
304 1547 472 1579 servitutis
494 1546 689 1587 obsequium
710 1546 901 1587 baptizandi
926 1546 1145 1578 ministerium
1167 1545 1311 1588 expleat,
1333 1549 1447 1576 tamen
1470 1546 1538 1587 ipse
1560 1548 1620 1582 est,
1645 1545 1730 1576 sicut

80 1606 129 1634 est
150 1603 312 1644 scriptum
332 1602 366 1632 in
387 1600 565 1641 evangelio,
587 1599 655 1641 ‘qui
676 1600 826 1641 baptizat
846 1600 880 1630 in
901 1600 1019 1641 spiritu
1041 1599 1178 1631 sancto’.
1743 1604 1874 1628 1011.1,33.

170 1665 220 1695 22.
247 1662 298 1694 Sic
317 1667 350 1694 et
368 1662 589 1704 quicumque⁷
610 1666 761 1693 nostrum
779 1662 967 1702 dignatione
985 1662 1097 1692 divina
1117 1662 1274 1703 primates
1293 1660 1536 1703 provintiarum
1554 1652 1730 1691 constituti

81 1718 141 1749 sub
154 1716 351 1760 apostolicae
366 1721 477 1758 petrae
490 1716 609 1747 iudicio
624 1717 808 1747 iudicamus
821 1715 873 1746 vel
885 1726 962 1747 cum
975 1715 1112 1746 decretis
1126 1715 1212 1745 illius
1227 1725 1293 1745 una
1305 1725 1383 1746 cum
1397 1713 1597 1755 coepiscopis
1611 1713 1730 1744 nostris

81 1772 301 1803 decernimus:
320 1769 499 1811 apostolica
519 1774 568 1801 est
588 1770 686 1803 sedes,
707 1780 791 1809 quae
811 1769 844 1800 in
866 1769 957 1799 nobis
978 1768 1111 1799 famulis
1131 1768 1197 1798 suis
1216 1771 1249 1798 et
1269 1778 1325 1809 pro
1346 1767 1496 1809 patribus
1516 1767 1603 1797 natis
1622 1765 1728 1801 filiis⁸‚
1745 1773 1794 1797 Vgl.
1810 1773 1941 1798 Ps.44‚1⁷.

82 1825 115 1856 id
131 1828 180 1856 est
198 1835 255 1866 pro
271 1823 429 1866 apostolis
445 1823 604 1855 ordinatis
620 1823 791 1864 episcopis,
810 1823 843 1853 in
860 1822 1049 1853 ordinandis
1064 1821 1234 1852 coordinat
1250 1825 1283 1851 et
1299 1821 1333 1852 in
1351 1820 1561 1851 decernendis
1576 1820 1730 1851 canonice

80 1878 288 1910 condecernit
308 1881 341 1908 et
361 1877 396 1908 in
415 1877 598 1908 iudicandis
618 1876 816 1907 coniudicat.
855 1876 938 1913 Quia
960 1875 1026 1905 sive
1046 1875 1133 1916 ipse<¹
1152 1875 1316 1906 Dominus
1335 1884 1421 1914 aqua
1441 1873 1569 1914 aliquos
1589 1873 1730 1914 discipu-

82 1932 190 1964 lorum
208 1942 344 1962 suorum
364 1930 490 1972 primus
507 1930 737 1971 baptizaverit,
757 1941 814 1971 per
830 1939 912 1969 quos
930 1929 971 1959 ad
988 1932 1111 1959 ceteros
1130 1927 1239 1959 fideles
1256 1927 1416 1968 baptismi
1435 1927 1525 1957 rivus
1544 1926 1730 1967 proflueret,

82 1986 212 2017 eosdem
228 1985 329 2016 etiam
346 1984 465 2025 spiritu
482 1984 630 2025 baptizat
648 1987 780 2025 peccata
798 1982 860 2013 illis
876 1981 1053 2013 relaxando
1070 1985 1102 2011 et
1119 1981 1255 2022 spiritus
1271 1980 1376 2011 sancti
1393 1981 1478 2011 dona
1499 1979 1730 2016 ministrando;

82 2039 149 2070 sive
160 2038 269 2070 fideles
279 2038 348 2068 eius
358 2038 509 2068 invocato
522 2037 653 2068 nomine
664 2037 767 2078 ipsius
776 2047 861 2076 aqua
871 2035 1042 2076 baptizent
1052 2034 1170 2065 electos
1180 2038 1212 2065 et
1221 2034 1397 2065 chrismate
1407 2036 1521 2064 sancto
1533 2036 1729 2074 perungant,

81 2093 212 2124 eosdem
235 2090 449 2123 nihilominus
470 2091 539 2132 ipse
562 2090 681 2132 spiritu
703 2093 816 2120 sancto
838 2089 987 2129 baptizat
1009 2092 1042 2119 et
1064 2088 1177 2119 codem
1200 2086 1345 2118 laetitiae
1367 2086 1436 2118 oleo
1467 2086 1630 2128 perungit,
1653 2086 1730 2127 quia
1746 2097 1798 2120 νει.
1809 2097 1889 2121 11144,
1898 2097 1918 2117 8.

83 2157 178 2178 nemo
199 2148 326 2186 praeter
346 2144 457 2185 ipsum
478 2148 687 2185 peccatorum
709 2154 812 2174 nexus
833 2141 953 2172 solvere
973 2145 1007 2172 et
1027 2141 1162 2183 spiritus
1182 2140 1287 2172 sancti
1306 2139 1395 2171 valet
1415 2140 1501 2171 dona
1522 2139 1675 2170 tribuere.

171 2209 221 2238 23.
245 2207 340 2238 Unde
362 2207 494 2243 iterum,
518 2206 622 2237 sicute
644 2210 677 2236 et
700 2216 798 2246 supra
820 2204 995 2237 diximuse,
1019 2203 1054 2234 in
1075 2202 1241 2243 evangelio
1265 2203 1426 2243 scriptum
1451 2205 1511 2239 est,
1534 2202 1611 2242 quia
1635 2212 1730 2232 nemo
1746 2204 1800 2224 Luc.
1812 2204 1833 2228 ⁵·
1844 2204 1880 2224 21-

82 2261 203 2303 ‘potest
220 2264 353 2302 peccata
371 2260 537 2291 dimittere
555 2260 616 2290 nisi
634 2258 720 2289 solus
735 2257 847 2289 Deus'.
863 2257 907 2288 Et
922 2257 1085 2288 Dominus
1101 2257 1188 2288 dixit
1204 2255 1374 2297 discipulis
1391 2255 1473 2286 suis:
1490 2254 1649 2296 ‘Accipite
1667 2254 1730 2295 spi·
1747 2263 1796 2283 lon.
1808 2262 1843 2286 20,
1854 2262 1890 2281 22.
1899 2261 1936 2281 23.

82 2315 185 2346 ritum
207 2317 376 2350 sanotum;
406 2324 548 2354 quorum
577 2312 764 2343 remiseritis
788 2314 931 2352 peccata,
962 2311 1180 2341 remittuntur
1208 2308 1276 2340 eis’.
1310 2309 1385 2350 Ipse
1407 2308 1508 2345 enim,
1539 2311 1577 2338 ut
1606 2308 1669 2339 Leo
1699 2311 1732 2338 et

81 2367 288 2409 Augustinus
311 2378 348 2398 ac
371 2367 469 2398 ceteri
494 2366 645 2397 catholici
669 2366 815 2396 doctores
838 2367 1022 2405 exponunt,
1049 2367 1181 2404 peccata
1204 2362 1394 2393 hominibus
1418 2372 1475 2402 per
1499 2372 1553 2392 eos
1577 2361 1730 2397 dimittit,

80 2421 201 2462 quibus
216 2424 417 2462 potestatem
431 2420 621 2451 dimittendi
635 2418 794 2450 concedit.
820 2418 865 2448 Et
879 2418 960 2448 item
975 2417 1010 2448 in
1024 2415 1190 2458 evangelio
1205 2415 1367 2457 scriptum
1382 2418 1432 2445 est
1446 2426 1464 2445 a
1479 2414 1622 2445 Domino
1637 2413 1731 2454 quasi

164 2530 188 2557 ὃ)
205 2528 289 2552 Erstes
306 2536 328 2553 av
346 2535 385 2550 am
402 2527 556 2551 Zeilenende.
575 2526 709 2549 verblichen
728 2525 758 2548 B.
843 2523 866 2551 b)
885 2523 918 2547 So
939 2523 967 2547 Β.
1053 2525 1076 2553 ρ)
1094 2522 1160 2546 Verb.
1177 2530 1224 2546 aus
1243 2522 1385 2546 catholicae
1408 2522 1438 2545 Β.
1525 2520 1550 2551 d)
1571 2522 1730 2552 ipse—con-

81 2576 177 2596 sortem
195 2572 394 2603 (Seitenende=
406 2572 432 2596 S.
446 2573 492 2596 132
508 2571 536 2595 Z.
548 2571 594 2601 21)
614 2571 638 2593 in
657 2578 753 2599 euqerer
770 2569 870 2597 Srhrilt.
889 2568 960 2592 *meist
976 2567 1021 2597 aus
1039 2568 1099 2591 Ras.
1122 2567 1152 2590 Β.
1238 2569 1262 2596 Ε)
1282 2568 1349 2591 sicut
1360 2566 1514 2590 —diximus
1532 2565 1681 2595 ‹ziberyeschn
1700 2565 1731 2588 B.

196 2643 220 2673 1)
240 2641 271 2667 Ο.
286 2642 327 2668 17.
349 2641 439 2667 Codex
458 2650 593 2666 canonum
616 2640 717 2673 (1609)
739 2638 847 2665 8192:
869 2637 963 2669 Miy‘ne
984 2637 1027 2666 67,
1048 2636 1107 2662 189.
1201 2637 1228 2667 2)
1249 2636 1339 2661 Codex
1359 2644 1496 2661 canonum
1513 2635 1614 2667 (1609)
1637 2634 1664 2659 S.
1679 2634 1731 2659 253

83 2694 104 2711 c.
118 2686 165 2716 62;
190 2685 344 2711 Hiozschius
366 2685 395 2711 S.
410 2686 463 2711 315
485 2694 506 2711 c.
527 2686 551 2710 9.
689 2685 716 2714 3)
739 2683 829 2708 Codex
850 2690 986 2707 canonum
1010 2681 1111 2714 (1609)
1142 2681 1170 2706 S.
1191 2681 1243 2706 253
1265 2689 1286 2706 c.
1308 2681 1355 2709 63‚-
1386 2680 1482 2712 Μέθης
1503 2680 1546 2709 67,
1567 2679 1619 2704 214
1645 2687 1666 2703 e.
1687 2678 1730 2703 96.

83 2731 111 2761 4)
132 2729 163 2756 C.
182 2730 221 2760 15,
238 2730 328 2755 Codez
347 2738 480 2755 canonum
505 2729 606 2761 (1609)
629 2729 657 2753 S.
671 2728 718 2755 63:
751 2726 904 2753 Hinschins
925 2726 954 2751 S.
969 2725 1030 2750 272.
1172 2727 1199 2756 5)
1224 2724 1281 2757 V9l.
1304 2725 1366 2750 oben
1386 2725 1415 2749 S.
1430 2724 1482 2749 1⁴39
1497 2723 1528 2748 Z.
1545 2724 1559 2748 7
1577 2723 1635 2748 und
1656 2723 1691 2747 A.
1705 2722 1729 2747 3.

84 2775 112 2805 6)
131 2774 198 2799 Can.
216 2774 392 2799 Ps-Nicaen.
411 2774 452 2799 bei
471 2774 638 2801 Pedanius,
657 2772 808 2797 Hin-schius
830 2771 857 2795 S.
873 2770 924 2795 469
944 2769 1039 2802 (J.—K.
1054 2769 1070 2802 †
1082 2769 1101 2802 ἕ
1114 2770 1191 2801 196).
1286 2770 1313 2800 7)
1332 2769 1387 2801 1'9l.
1409 2768 1500 2793 Neues
1513 2767 1614 2793 Archiv
1631 2767 1673 2797 44,
1687 2767 1729 2791 57.

85 2820 111 2849 8)
129 2818 185 2851 Vql.
207 2819 298 2844 Neues
317 2818 418 2844 Archiv
438 2818 538 2845 4158.

1467 2864 1516 2890 17*
