2220 3192
357 295 429 325 860.

279 1411 361 1432 Matth.
373 1412 393 1434 1,
405 1411 437 1429 18.

247 1889 329 1910 matth.
342 1890 377 1913 19,
389 1890 408 1909 5.
421 1889 441 1908 6.

456 202 495 229 ΕΓ)
1021 197 1207 223 HINKMAR
1228 195 1305 222 VON
1327 194 1446 220 REIMS
1469 195 1528 220 136.

479 223 495 230 —1

453 303 517 334 que
530 291 699 323 concordia
716 290 799 320 inter
814 286 1004 328 coaequales
1018 285 1086 317 fieri
1100 284 1197 322 solet3
1213 283 1251 315 fit
1264 287 1380 315 autem
1391 295 1411 315 a
1426 282 1581 315 subiectis
1592 284 1634 315 ad
1649 283 1909 315 satisfactionem
1926 283 2099 315 maiorum.

453 346 545 383 Quod
567 345 601 376 in
620 344 678 375 hac
697 352 795 373 eausa
817 340 878 371 nisi
898 350 939 371 ex
959 338 1080 380 placito
1100 337 1170 374 fiat,
1191 347 1257 368 non
1278 340 1388 378 potest
1406 347 1447 368 ex
1465 337 1664 368 auctoritate
1683 337 1815 377 requiri.

545 397 649 429 Hinc¹³
672 398 787 426 autem
809 392 941 434 cognita
965 391 1116 428 veritate,
1140 389 1300 431 quoniam
1322 390 1453 421 dictum
1476 393 1525 421 est
1550 389 1644 421 nobis
1667 389 1789 430 requiri
1811 400 1831 421 a
1856 387 2036 430 Stephano,
2062 392 2101 420 ut

454 450 611 482 feminam
627 448 773 488 designet
791 456 831 477 ex
850 444 982 476 nomine
1000 447 1034 475 et
1049 446 1175 475 certam
1191 443 1453 484 propinquitatis
1468 442 1677 475 adfinitatem
1693 443 1910 479 demonstret,
1930 452 1989 483 pro
2006 442 2101 473 cuius

450 502 627 534 concubitu
650 500 724 531 huic
748 498 877 540 puellae
900 508 932 528 se
956 507 1020 527 non
1043 496 1133 527 valet
1155 495 1328 527 salubriter
1349 495 1473 527 carnali
1494 495 1613 538 copula
1635 495 1861 527 commiscere:
1883 495 1961 536 quia
1983 498 2098 526 contra

452 556 613 586 rationem
629 556 662 584 et
676 551 912 584 auctoritatem
929 549 1181 581 ecclesiasticam
1197 552 1231 580 et
1247 549 1450 581 Christianae
1464 549 1648 580 devotionis
1666 559 1791 581 morem
1806 547 1847 579 ab
1865 558 1901 579 eo
1918 547 2101 589 quaeritur,

452 607 494 639 sib
516 608 597 638 forte
618 605 659 637 ab
680 604 812 645 aliquo⁰
837 601 1034 645 quaeriturb,
1056 600 1159 643 quaed
1179 613 1220 633 ex
1239 602 1299 633 hoc
1320 602 1499 643 apostolica
1520 602 1664 634 decrevit
1684 601 1865 633 auctoritas
1887 604 1920 632 et
1940 600 2101 632 catholica

450 664 541 692 tenet
562 658 704 695 ecclesia,
726 657 776 688 hic
800 667 918 698 ponere
938 656 1078 697 dignum
1097 655 1288 687 duximuslz
1312 659 1368 685 Leo
1389 659 1529 685 universis
1549 659 1688 693 episcopis
1709 658 1780 692 pere
1799 657 1996 691 Campaniam,
2021 657 2101 684 Sam-

452 716 544 743 nium¹
566 721 596 741 et
619 715 754 741 Picenum
775 714 894 751 atquess
915 709 1116 750 provincias¹¹
1140 707 1326 740 universash
1347 712 1470 738 salutem
1479 712 1499 738 θ.
1523 712 1627 745 Magna
1648 711 1844 745 indignatione
1868 718 2050 737 commoveor
2071 714 2101 736 et

451 770 546 796 dolore
568 766 669 794 multoi
691 768 852 797 contristor,
874 765 951 799 quod
972 765 1111 800 quosdam
1130 774 1166 791 ex
1186 764 1267 791 vobis
1288 765 1411 798 comperi
1431 765 1603 799 apostolicae
1623 764 1805 791 traditionisk
1832 763 1936 789 oblitos
1956 766 1986 789 et
2005 763 2102 789 studio

450 824 493 849 sui
513 822 613 848 erroris
634 817 801 848 irretitosl.
823 816 867 847 Et
888 818 964 857 post
982 815 1187 856 aliquanta2:
1210 818 1253 844 De
1273 818 1475 852 paenitentiam
1489 818 1622 848 soilicet¹³‚
1646 825 1718 851 quae
1739 826 1757 844 a
1777 816 1907 843 fidelibus
1928 816 2103 850 postulatur,

451 885 484 902 ne
503 875 537 901 de
556 874 729 908 singulorum
748 876 930 907 peccatorum
948 880 1048 905 genere
1065 871 1183 897 libello⁰
1208 871 1315 904 scripta
1333 870 1469 904 professio
1488 870 1702 904 publicetur‚¹³
1721 870 1958 896 conscientiarum
1976 869 2102 896 sufficiat

451 929 516 955 solis
533 927 728 954 sacerdotibus
745 926 863 952 indicari
882 925 1056 951 confessione
1074 927 1191 950 secreta.
1216 924 1353 955 Quamvis
1369 924 1446 950 enim
1464 923 1612 957 plenitudo
1630 923 1694 949 fidei
1712 923 1846 949 videatur
1862 931 1922 949 esse
1939 922 2101 953 laudabilis,

452 990 523 1016 quae
545 983 661 1014 propter
681 980 733 1005 Dei
754 980 887 1005 timorem
908 978 985 1012 apud
1006 978 1135 1004 homines
1155 977 1318 1003 erubescere
1339 985 1396 1002 non
1417 979 1541 1008 veretur,
1562 980 1669 1007 tamen,
1692 976 1758 1010 quia
1778 984 1835 1002 non
1855 976 1985 1002 omnium
2005 975 2101 1001 huius-

453 1034 527 1062 modi
546 1036 613 1060 sunt
630 1036 757 1067 peccata,
776 1036 809 1058 ut
826 1041 860 1058 ea
878 1032 945 1065 quicl
963 1031 1171 1065 paenitentiam
1189 1033 1311 1064 poscunt
1328 1039 1386 1056 non
1403 1030 1526 1056 timeant
1544 1029 1697 1063 publicare,
1716 1032 1898 1055 removeatur
1914 1028 2102 1062 inprobabilis

451 1086 636 1117 consuetudo,
655 1095 689 1112 ne
710 1086 793 1112 multi
811 1094 828 1111 a
848 1085 1040 1118 paenitentiae
1058 1084 1368 1114 remediisarceantur,
1387 1083 1457 1109 dum
1476 1087 1528 1109 aut
1545 1082 1717 1109 erubescunt
1742 1085 1793 1108 aut
1812 1084 1946 1108 metuunt
1962 1082 2102 1108 inimicis‘

451 1142 524 1168 suis‘
541 1149 592 1166 sua
609 1139 686 1166 facta
703 1139 829 1169 reserari,
845 1138 947 1172 quibus
965 1138 1088 1171 possint
1105 1137 1199 1171 legum
1216 1137 1420 1163 constitutione
1438 1136 1559 1170 percelli.
1580 1135 1692 1162 Sufficit
1708 1135 1785 1162 enim
1800 1135 1849 1161 illa
1866 1134 2013 1166 confessio,
2031 1143 2102 1168 quae

452 1195 575 1229 primum
590 1193 650 1218 Deo
670 1193 796 1222 offertur,
817 1194 886 1217 tunc
905 1191 994 1217 etiam
1013 1190 1163 1221 sacerdoti,
1184 1191 1232 1224 qui
1252 1198 1303 1224 pro
1323 1189 1434 1216 delictis
1454 1189 1663 1223 paenitentium
1682 1191 1828 1222 precatorS
1848 1187 2001 1214 accedatt.
2023 1188 2102 1214 Tunc

451 1248 527 1273 enim
548 1246 640 1280 plures
661 1245 698 1271 ad
719 1245 927 1278 paenitentiam
948 1247 1084 1278 poterunt
1104 1243 1263 1278 provocari,
1284 1243 1307 1268 si
1328 1243 1426 1277 populi
1447 1242 1563 1269 auribus
1583 1251 1641 1268 non
1662 1241 1823 1276 publicetur
1843 1241 2017 1267 conscientia
2038 1249 2102 1267 con-

453 1300 585 1326 fitentisu.

541 1349 585 1380 Et
606 1348 774 1389 quoniam,
796 1346 939 1385 qualiter3
959 1350 1064 1376 debeat
1084 1350 1149 1376 iniri
1171 1349 1360 1382 conjugiumv‚
1382 1352 1412 1375 et
1433 1352 1516 1375 vetus
1537 1351 1568 1374 et
1588 1356 1664 1374 nova
1686 1348 1731 1373 lex
1752 1347 1863 1378 edocet,
1885 1347 2009 1373 Domino
2032 1351 2102 1382 perw

454 1407 591 1440 Moysenw
608 1405 797 1438 praecipiente
812 1407 842 1429 et
857 1403 1004 1437 evangelio
1019 1403 1247 1430 demonstrante:
1263 1399 1365 1428 ‘Cumx
1381 1399 1475 1433 esset’‚
1486 1402 1608 1436 inquit&
1623 1397 1810 1434 ‘desponsata
1825 1403 1917 1427 mater
1931 1400 1997 1426 Iesu
2013 1400 2104 1427 Maria

453 1459 565 1493 Ioseph,
575 1459 755 1495 antequam
769 1453 1005 1490 convenirenff,
1022 1454 1055 1484 id
1071 1456 1120 1484 est
1135 1459 1292 1489 antequam
1308 1455 1430 1489 nuptiali
1446 1455 1634 1482 celebratione
1652 1454 1845 1484 convenirent,
1860 1454 1935 1480 sicut
1949 1454 1980 1479 in
1994 1454 2104 1487 nuptiis

453 1512 601 1539 celebratis
619 1511 713 1537 idem2
732 1510 859 1536 ostendit
879 1525 914 1529 -—
934 1518 1004 1544 quas
1023 1518 1075 1536 sua
1094 1510 1256 1543 praesentia
1274 1508 1450 1535 sanctificare
1470 1511 1500 1534 et
1519 1507 1655 1534 miraculo
1672 1506 1781 1533 ibidem
1799 1510 1934 1541 patrato*
1951 1506 2103 1532 inlustrare

453 1566 587 1599 dignatus
601 1567 645 1590 est
660 1579 703 1595 -‚
718 1564 767 1590 sed
781 1567 810 1589 et
825 1569 941 1590 sanctus
956 1563 1106 1590 Euaristus
1115 1559 1137 1593 4,
1153 1565 1272 1596 quartus
1287 1571 1304 1588 a
1318 1561 1403 1588 beato
1419 1562 1502 1588 Petro
1518 1561 1675 1587 Romanae
1691 1557 1774 1588 sedis
1788 1557 1972 1598 episeopus,
1987 1559 2104 1586 scribit*

454 1619 486 1647 et
505 1617 638 1646 sanctus
657 1613 812 1645 Siricius⁰
823 1613 835 1632 5
852 1617 885 1644 et
902 1613 1020 1645 beatus
1037 1612 1126 1644 Leo⁸
1142 1616 1242 1653 atque
1259 1611 1358 1643 ceteri
1375 1611 1497 1652 quique
1515 1611 1663 1642 doctores
1680 1610 1871 1647 ostendunt,
1890 1620 1974 1650 quae
1992 1609 2103 1640 omnia

453 1668 504 1699 hic
528 1678 646 1708 ponere
670 1670 802 1708 propter
820 1666 1063 1707 pluralitatemd
1080 1670 1113 1697 et
1129 1665 1371 1707 longitudinem
1386 1665 1588 1696 devitamus:
1611 1666 1749 1695 tantum
1764 1663 1868 1694 dicere
1884 1662 2104 1694 necessarium

456 1721 623 1757 duximus,
643 1720 720 1761 quia
740 1720 836 1749 inter7
855 1724 993 1757 ingenuos
1012 1726 1042 1749 et
1061 1723 1136 1748 inter
1157 1722 1288 1756 aequales
1307 1721 1435 1755 legitima
1455 1717 1560 1749 fiunto
1579 1717 1741 1757 coniugia,
1761 1727 1840 1748 oum
1858 1727 1878 1747 a
1898 1715 2103 1757 parentibus,

458 1773 600 1811 quorum8
620 1777 767 1808 interest,
786 1773 889 1814 petita
907 1777 939 1804 et
958 1772 1102 1814 legaliter
1121 1775 1331 1809 desponsata&
1356 1775 1458 1801 dotata
1475 1778 1505 1800 et
1521 1774 1642 1808 publicis
1660 1774 1768 1807 nuptiis
1785 1773 1945 1799 honorata
1964 1769 2104 1800 feminas

458 1831 578 1864 coniugii
606 1830 734 1864 copulae
762 1831 907 1856 sociatur
932 1833 970 1856 et
995 1837 1035 1857 ex
1051 1825 1179 1857 duobus
1199 1837 1289 1855 unum
1310 1837 1411 1861 corpus
1431 1836 1558 1861 unaque
1579 1835 1650 1854 caro
1669 1827 1850 1859 efficitur,
1872 1826 1947 1852 sicut
1965 1827 2105 1860 scriptum

457 1887 512 1910 est:
531 1880 638 1909 ‘Erunt
657 1883 713 1909 duo
740 1884 768 1909 in
789 1892 871 1909 carne
892 1892 962 1914 una;
988 1884 1046 1909 iam
1066 1891 1124 1908 non
1134 1883 1211 1922 duo,
1237 1882 1287 1908 sed
1313 1890 1370 1908 una
1396 1884 1464 1907 sunt
1484 1878 1575 1914 ear0’3
1603 1883 1644 1907 et:
1670 1876 1767 1912 ‘Quod
1786 1880 1863 1906 Deus
1889 1879 1993 1910 iunxit,
2020 1879 2106 1905 homo

458 1946 514 1962 non
534 1933 667 1970 separeff.
691 1933 738 1963 De
753 1943 819 1973 qua
835 1933 1065 1963 coniunctione
1084 1934 1241 1973 magnus¹³
1256 1931 1320 1962 Leo
1338 1941 1424 1973 papa
1440 1931 1494 1962 ad¹
1516 1930 1711 1962 Rusticumk
1726 1929 1974 1961 Narbonensem
1993 1928 2105 1959 scribit

457 1984 693 2027 episoopumfissz
726 1989 788 2014 Non
820 1990 921 2020 omnis,
951 1986 1128 2026 inquiensl⁷
1162 1988 1262 2014 mulier
1285 1989 1347 2014 viro
1370 1987 1469 2014 iuncta
1493 1995 1565 2013 uxor
1587 1990 1632 2013 est
1656 1987 1718 2017 viri,
1749 1986 1816 2020 quia
1840 1994 1891 2012 nec
1916 1986 2008 2011 omnis
2032 1984 2106 2011 filius

458 2043 536 2068 heres
552 2045 595 2068 est
612 2043 709 2075 patris,
734 2042 907 2075 Nuptiarum
923 2046 1020 2068 autem
1036 2042 1151 2068 foedera
1166 2042 1240 2068 inter
1255 2042 1392 2075 ingenuos
1408 2043 1476 2066 sunt
1492 2040 1618 2074 legitima
1633 2043 1664 2065 et
1678 2040 1753 2065 inter
1769 2039 1935 2073 aequalesm.
1952 2035 1996 2066 Et
2008 2034 2105 2076 paulo

542 2129 565 2157 ⁸)
583 2127 615 2150 A.
628 2127 658 2150 R.
669 2127 851 2157 rot:111(.s>.0.
863 2128 889 2151 S.
901 2129 933 2153 90
942 2127 970 2151 Z.
982 2130 1040 2159 41].
1051 2127 1105 2152 Var.
1119 2128 1148 2157 b)
1162 2128 1192 2152 B.
1276 2126 1300 2157 ιἸ)
1317 2128 1338 2150 si
1352 2141 1381 2144 —
1392 2127 1524 2158 quaeritur
1536 2125 1594 2156 fehlt
1604 2126 1637 2149 D.
1720 2128 1743 2155 c)
1758 2133 1788 2148 eo
1803 2125 1880 2148 Sirm.
1958 2123 1983 2154 d)
2000 2124 2062 2154 quid
2072 2123 2105 2147 D.

460 2174 482 2201 e)
498 2179 542 2202 per
556 2185 585 2188 —
595 2171 704 2194 salutem
719 2171 776 2201 fehlt
792 2172 823 2195 D.
948 2170 966 2201 s)
983 2172 1055 2196 samu
1071 2172 1100 2196 G.
1233 2174 1255 2201 ἕ)
1271 2179 1315 2202 per
1330 2171 1488 2202 hinzuqefz'lqt
1502 2170 1531 2194 C.
1661 2169 1686 2199 h)
1701 2171 1834 2194 universas
1858 2169 2004 2200 provincias
2027 2168 2104 2192 Sirm.

461 2214 479 2246 i)
498 2215 581 2239 multu
599 2215 628 2239 0.
715 2214 739 2244 k)
758 2215 823 2239 Verb.
841 2224 887 2239 aus
905 2216 1039 2240 traditioni
1054 2216 1084 2240 Β.
1171 2214 1189 2246 ¹)
1206 2217 1339 2240 interritos
1354 2216 1383 2243 Β,
1397 2216 1428 2243 O;
1444 2216 1560 2239 intentos
1577 2214 1653 2238 Sirm.
1739 2216 1771 2243 ¹¹¹)
1786 2214 1819 2238 A.
1835 2213 1866 2237 R.
1881 2221 1928 2237 von
1940 2213 2000 2237 and.
2015 2212 2105 2236 Hand:

460 2261 497 2283 De
512 2260 656 2290 penitentia
671 2260 702 2283 B.
794 2262 819 2289 n)
832 2260 902 2283 Fehlt
916 2260 948 2284 D.
1033 2263 1057 2290 0)
1071 2260 1137 2284 Verb.
1152 2268 1199 2284 aus
1212 2260 1299 2284 libella
1308 2260 1341 2284 D.
1428 2261 1452 2290 1³)
1466 2267 1526 2284 cum
1539 2262 1627 2283 reatus
1640 2258 1798 2288 hinzuqesilqt
1810 2257 1887 2282 sirm.
1971 2259 1995 2287 q)
2017 2264 2066 2287 que
2077 2256 2106 2281 G.

461 2307 482 2334 Γ)
502 2305 554 2327 suis
573 2304 682 2327 inimicis
693 2304 724 2327 I).
820 2306 841 2333 s)
862 2308 981 2334 pecc-ator
992 2304 1020 2328 C.
1119 2305 1138 2334 ²)
1158 2305 1258 2329 aceedit
1268 2304 1346 2328 sirm.
1424 2306 1449 2334 u)
1469 2304 1627 2335 poenitentis
1641 2303 1670 2331 Ο,
1687 2302 1764 2326 Sirm.
1850 2304 1875 2331 V)
1893 2301 1925 2325 A.
1937 2302 1967 2325 R.
1978 2303 2027 2325 rot:
2041 2300 2107 2325 1111.

461 2348 576 2377 Qualiter
587 2348 681 2371 debeat
692 2348 748 2371 iniri
759 2348 906 2378 coniugium
916 2356 963 2371 von
973 2349 1032 2372 and.
1044 2349 1121 2377 Haud
1134 2349 1163 2373 Β,
1233 2352 1261 2379 w)
1277 2349 1349 2373 Fehvzt
1359 2349 1391 2372 D.
1473 2350 1498 2378 x)
1516 2348 1551 2372 Et
1561 2355 1620 2371 cun]
1631 2347 1660 2371 C.
1729 2349 1754 2376 Υ)
1770 2346 1841 2370 Fehlt
1851 2346 1880 2370 C.
1970 2348 1992 2375 Ζ)
2011 2346 2064 2376 ipse
2074 2345 2107 2369 D.

461 2394 484 2422 ὃ)
502 2392 585 2415 Erstes
602 2399 617 2414 a
635 2392 696 2415 verb.
713 2400 759 2414 stus
776 2400 787 2415 r
807 2392 842 2419 B,·
858 2396 968 2422 patrono
980 2393 1008 2416 G.
1107 2392 1131 2423 b)
1148 2393 1218 2417 Fehlt
1230 2393 1307 2417 Sirm.
1404 2395 1427 2422 c)
1445 2393 1558 2424 Syr-icius
1574 2391 1610 2420 B:
1627 2392 1729 2416 Siritius
1744 2391 1776 2414 D.
1868 2389 1893 2420 d)
1908 2390 2060 2421 pluritatem
2073 2389 2106 2413 D.

461 2438 484 2466 e)
500 2436 575 2459 fuum
593 2436 621 2460 G.
707 2434 726 2465 s)
741 2439 765 2459 ct
790 2435 947 2466 hinzztyesiiyt
962 2436 1038 2460 Sirm.
1133 2440 1155 2467 ἕ)
1172 2438 1283 2461 feminae
1300 2437 1331 2461 Β,
1417 2436 1441 2467 1¹)
1457 2436 1527 2460 Fehlt
1543 2436 1576 2460 D.
1667 2433 1686 2465 i)
1703 2435 1737 2459 ad
1750 2449 1780 2453 —
1791 2435 1941 2466 episcopum
1957 2434 2029 2465 fehlt:
2051 2436 2108 2458 stan

461 2481 559 2504 dessen:
583 2480 643 2503 dic-it
665 2480 697 2503 D.
799 2478 824 2509 k)
839 2479 909 2503 Fehlt
932 2480 1008 2504 Sirm.
1108 2480 1126 2511 l)
1142 2481 1211 2505 Fehlt
1228 2482 1260 2505 D.
1360 2484 1392 2511 ω)
1410 2481 1442 2505 A.
1462 2481 1492 2504 R.
1510 2489 1558 2505 von
1576 2480 1635 2504 and.
1656 2479 1745 2504 Hand:
1766 2479 1838 2502 Inter
1857 2478 1978 2509 aequales
2002 2479 2032 2502 B.

556 2569 580 2598 l)
607 2566 759 2592 Hinsclzius
783 2567 811 2592 S.
826 2567 878 2591 629
903 2575 923 2593 c.
938 2568 951 2592 1
981 2568 1077 2600 (J.-K.
1097 2569 1177 2601 545).
1292 2570 1320 2601 2)
1336 2569 1447 2595 Ebenda
1461 2568 1490 2594 S.
1504 2568 1582 2600 629).
1605 2577 1626 2593 c.
1639 2568 1664 2593 2.
1769 2567 1796 2598 3)
1815 2566 1872 2599 Vyl.
1896 2566 2044 2596 Hinkmar,
2066 2566 2107 2591 De

461 2612 554 2637 divort.
572 2612 662 2636 interr.
680 2612 705 2639 4,
722 2611 817 2643 Miyne
834 2611 894 2640 125.
910 2612 998 2643 643),
1015 2621 1053 2636 πο
1068 2612 1110 2637 die
1124 2613 1211 2639 Zitate
1225 2622 1276 2638 aus
1292 2613 1448 2641 Euan-stus,
1466 2612 1586 2639 Siricius
1606 2612 1663 2637 und
1676 2611 1728 2636 Leo
1740 2611 1765 2636 I.
1790 2611 1854 2644 (2³91.
1868 2614 1952 2636 umen.
1970 2611 2001 2635 Z.
2014 2610 2048 2635 :25
2057 2610 2104 2643 ff.)

462 2656 498 2681 im
520 2655 647 2681 Wortlazc!
668 2655 763 2687 soloen.
858 2657 885 2687 4)
908 2656 1060 2680 Hinschius
1081 2656 1108 2681 S.
1123 2657 1181 2686 «SJf.
1203 2665 1224 2682 c.
1238 2658 1254 2682 :2
1274 2658 1370 2690 (J.-K.
1393 2658 1409 2690 γ’*
1429 2657 1448 2690 ἕ
1468 2657 1529 2690 20).
1635 2657 1662 2688 5)
1680 2655 1840 2688 Vql.CocIez
1851 2663 1985 2681 canonum
2003 2654 2105 2687 (1609)

463 2700 490 2725 S.
505 2700 556 2724 316
576 2708 597 2725 c.
612 2700 641 2729 4,-
663 2700 814 2724 Hinselez'us
831 2699 859 2724 S.
873 2700 924 2725 521
945 2708 966 2724 c.
981 2700 996 2724 4
1019 2700 1115 2731 (J.-K.
1129 2701 1208 2733 255).
1301 2703 1328 2733 ὅ)
1351 2701 1442 2727 Codex
1463 2710 1599 2727 canonum
1618 2700 1719 2733 (1609)
1738 2699 1766 2725 S.
1781 2700 1833 2725 456
1849 2699 1932 2729 c.18‚·
1955 2698 2108 2724 Hinschius

463 2744 491 2769 S.
505 2744 582 2775 (iltis.
605 2752 625 2768 c.
640 2744 655 2768 4
672 2744 767 2776 (ιλ-Κ.
782 2744 861 2775 544).
939 2745 965 2775 7)
985 2744 1040 2775 I'ql.
1058 2744 1110 2768 Leo
1122 2744 1144 2769 I.
1163 2754 1188 2769 ιι.
1209 2754 1234 2770 ιι.
1247 2745 1276 2770 O.
1300 2746 1328 2771 S.
1347 2746 1414 2771 auch
1437 2749 1521 2771 umen
1536 2745 1567 2770 Z.
1580 2745 1614 2770 34
1632 2744 1689 2770 mid
1705 2744 1734 2769 S.
1749 2744 1783 2770 95
1799 2744 1829 2769 Ζ.
1842 2744 1885 2769 20.
2000 2744 2027 2774 8)
2049 2742 2105 2775 Vql.

462 2788 527 2813 oben
544 2788 593 2813 Nr.
609 2789 660 2813 135
678 2788 705 2813 S.
722 2788 756 2812 ⁸2
770 2788 799 2812 Z.
815 2788 930 2813 eri—21).
1045 2788 1072 2818 9)
1093 2788 1145 2819 l'syl.
1162 2788 1226 2813 oben
1248 2790 1281 2814 A.
1300 2791 1325 2814 6.

2129 769 2156 789 10

2131 1034 2158 1054 15

2130 1300 2159 1320 20

2131 1567 2159 1587 25

2129 1834 2159 1854 30
2208 1824 2217 1849 =·'

2132 2130 2160 2151 35

2133 2615 2160 2636 45
