2220 3192
61 819 87 838 10

61 1084 87 1104 15

60 1350 87 1370 20

61 1615 87 1635 25

58 1882 84 1902 30

58 2204 84 2224 35

4 2467 85 2498 'w

688 241 874 267 HINKMAR
895 242 971 268 VON
992 242 1112 269 REIMS
1134 244 1192 269 185.
1699 242 1757 270 189

117 329 224 365 ferret,
247 327 363 359 omisia
385 327 531 367 dirigere,
554 328 631 368 quia
656 339 739 369 quae
761 330 865 361 verbis
887 334 920 361 et
941 331 1070 372 scriptis
1093 331 1171 363 mihi
1195 343 1250 373 per
1271 332 1373 363 istum
1395 331 1580 373 religiosum
1601 333 1755 374 archiepi-
1781 334 1855 364 866.

112 391 250 422 scopum
269 380 386 411 exinde
405 380 570 421 sequenda
588 385 688 422 atque
707 383 847 413 tenenda
868 384 1111 421 mandaveritis,
1131 395 1188 426 pro
1207 385 1285 416 scire
1303 389 1337 415 et
1355 396 1446 426 posse
1465 385 1612 416 oboedire
1630 390 1664 416 et
1680 396 1754 417 con-

112 445 238 465 servare
262 433 394 469 curabo,
420 433 507 464 sicut
531 433 688 464 hactenus
712 446 760 471 ea,
785 446 868 476 quae
892 436 966 468 inde
992 437 1122 468 fuerant
1145 441 1273 469 statuta
1296 442 1330 468 et
1353 438 1575 475 confirmata¹‚
1600 440 1754 470 servavib.

111 488 176 518 Nec
196 498 293 518 causa
317 486 577 517 inoboedientiae
602 487 739 518 missum
760 499 848 519 meae
876 489 1072 521 subditionis
1097 501 1175 521 cum
1201 491 1259 522 hoc
1286 492 1488 522 venerandoc
1513 492 1755 534 archiepiscopo

114 540 223 572 dimisi
245 539 482 576 transmittere,
506 539 560 570 sed
583 540 661 580 quia
685 540 728 571 sic
752 541 899 572 intellexi
922 542 956 572 in
979 542 1095 574 litteris
1111 548 1235 574 vestrae
1254 545 1460 576 auctoritatis
1482 545 1651 582 contineri,
1675 549 1755 577 tunc

111 593 229 630 solum,
250 597 287 624 ut
303 592 409 624 verbis
426 592 561 624 earum²
581 596 665 626 utar,
684 597 706 622 si
724 597 950 631 disceptantibus
968 599 1012 624 vel
1028 599 1156 625 fortassis
1173 600 1227 626 alia
1245 603 1331 634 atque
1348 601 1420 627 aliad
1438 602 1653 628 decernentibus
1671 603 1756 629 nobis

112 650 233 684 praefati
253 650 355 676 deiecti
375 650 471 675 sedem
491 649 699 683 appellaverint
720 651 906 683 apostolicam
926 654 956 677 et
976 652 1036 678 eius
1056 653 1169 686 speciali
1190 661 1219 678 se
1239 654 1343 680 iudicio
1363 655 1493 680 damnari
1514 655 1559 680 vel
1579 655 1688 681 absolvi
1709 665 1754 690 pe—

111 704 219 733 tierint,
238 704 261 729 si
278 710 335 740 ego
354 702 399 728 vel
417 703 440 728 si
459 702 598 729 Vulfadus
616 705 668 729 aut
685 703 753 729 socii
770 704 829 729 eius
848 704 883 730 ad
902 713 957 730 vos
976 705 1070 731 venire
1088 714 1138 738 per
1156 713 1213 732 nos
1231 715 1288 732 non
1306 715 1479 740 possemus,
1498 709 1618 734 vicarios
1636 712 1755 736 nostros

111 757 148 783 ad
170 757 223 783 hoc
245 757 391 790 negotium
414 756 614 782 ventilandum
635 758 665 781 et
688 755 844 782 finiendum
868 766 933 783 mox
955 761 1020 790 post
1043 761 1271 784 consummatum
1294 760 1443 786 concilium
1466 761 1527 786 XV.
1542 761 1662 787 Kalend.
1688 762 1754 796 Sep-

111 810 212 836 tembr.
234 810 390 843 praesentis
410 809 510 835 XIIII.
530 809 692 835 indictionis
711 810 884 836 auctoritate
902 813 1005 837 vestra
1025 811 1174 837 collectum
1195 814 1314 838 nostras
1334 816 1562 846 praesentaturos
1582 811 1673 842 vobis
1694 824 1753 849 per-

110 871 203 894 sonas,
221 863 328 889 nullam
345 863 459 897 penitus
475 862 690 889 excusationem
707 863 926 895 praetendentes
949 864 1063 897 utrique
1080 864 1116 890 ad
1133 865 1228 890 sedem
1245 865 1320 890 beati
1338 865 1412 891 Petri
1431 867 1639 893 mitteremus.
1662 865 1753 896 Unde

110 912 273 954 supplico,
301 916 338 943 ut
365 923 487 943 merear
511 912 633 953 scripto
659 912 734 943 hinc
760 916 904 943 vestram
929 913 1163 944 diffinitionem
1188 914 1356 955 reciperee,
1382 926 1483 956 quam
1510 921 1643 957 paratus
1668 929 1753 955 sum,

112 970 150 997 ut
171 969 312 1007 oportet,
335 966 480 997 enixius*
503 965 684 996 observare.

204 1019 376 1048 Gestorum³
397 1023 512 1050 autem
534 1023 639 1049 seriem
660 1019 698 1050 de
717 1018 882 1054 omnibus,
905 1029 988 1059 quae
1018 1023 1047 1048 in
1069 1023 1186 1049 concilio
1208 1019 1320 1056 relata,
1343 1025 1511 1050 examinata
1533 1028 1618 1058 atque
1640 1030 1754 1061 reperta

109 1076 199 1108 sunt,
224 1083 319 1113 quae,
345 1077 419 1102 sicut
443 1075 605 1102 veneranda
629 1075 743 1103 decreta
768 1078 911 1105 statuunt,
936 1076 1098 1101 discretioni
1122 1079 1242 1102 vestrae
1266 1077 1351 1111 dirigi
1377 1074 1594 1115 praecepistis,
1622 1080 1658 1106 ut
1683 1088 1754 1113 quae

110 1129 234 1156 salubria
258 1129 434 1155 videbuntur
456 1129 721 1157 corroborentur.
745 1125 771 1155 si
797 1125 879 1155 forte
902 1125 1012 1166 aliqua
1035 1129 1213 1167 supersunt
1236 1125 1391 1167 epistolae
1415 1127 1572 1167 synodali,
1596 1138 1678 1168 quae
1701 1130 1753 1160 de-

110 1179 211 1210 beant
234 1178 417 1220 explanari,
442 1179 492 1210 hic
517 1179 722 1210 venerandus
746 1189 782 1209 ac
808 1177 974 1218 religiosus
999 1179 1186 1210 sanctitatis
1210 1183 1335 1210 vestrae
1360 1180 1589 1211 devotissimus
1614 1181 1698 1212 filius
1722 1186 1755 1213 et

112 1232 298 1264 unanimisss
318 1232 417 1263 frater
435 1243 471 1263 ac
490 1232 699 1263 consacerdos
720 1235 828 1262 noster
844 1231 957 1272 Egilot
976 1232 1236 1273 archiepiscopus
1256 1233 1359 1269 plena4
1378 1236 1508 1270 fidelique
1527 1237 1661 1263 relatione
1678 1246 1753 1275 apo-

109 1285 241 1316 stolicae
262 1284 447 1315 auctoritati¹
467 1291 586 1315 vestrae
608 1284 728 1326 poterit
749 1285 930 1326 patefacere
950 1289 994 1321 et,
1015 1285 1099 1316 sicut
1119 1296 1155 1315 ea
1175 1285 1247 1316 visu
1267 1290 1300 1316 et
1319 1286 1436 1317 auditu
1455 1287 1614 1328 comperit
1633 1299 1668 1318 ac
1689 1289 1754 1329 epi-

109 1338 281 1380 scopaliter
304 1338 458 1375 contulit,
484 1339 637 1370 intimare
648 1339 671 1369 ⁵.
699 1337 760 1369 Sed
785 1342 818 1369 et
841 1339 880 1369 de
906 1339 1061 1379 praefatis
1086 1338 1241 1369 iratribus
1267 1339 1384 1370 nostris
1410 1340 1600 1370 Remorum⁶
1624 1345 1755 1371 ecclesiae

111 1395 175 1422 filiis
194 1395 230 1422 ab
251 1396 349 1422 Ebone
369 1398 434 1430 post
453 1395 661 1430 depositionem
680 1403 762 1421 suam
780 1395 929 1425 ordinatis,
948 1392 1004 1433 qui
1025 1392 1110 1422 inter
1128 1392 1300 1423 canonicos
1319 1396 1352 1422 et
1373 1393 1544 1424 monachos
1566 1393 1703 1424 urbanos
1722 1399 1754 1425 et

110 1445 338 1487 parrochianos
364 1457 428 1477 una
450 1456 528 1477 cum
550 1445 691 1477 Vulfado
714 1445 804 1486 apud
829 1456 887 1476 nos
911 1456 976 1476 non
999 1449 1078 1476 sunt
1100 1445 1244 1486 amplius
1266 1456 1367 1486 quam
1392 1447 1542 1482 novem7,
1576 1447 1613 1478 de
1636 1447 1753 1488 quibus

109 1499 315 1530 sanctissima
330 1503 437 1530 vestra
454 1499 636 1540 paternitas
653 1498 731 1530 mihi
749 1497 914 1540 scripsit⁸,
928 1505 970 1532 ut,
990 1511 1054 1528 cum
1072 1502 1236 1528 deiectionis
1253 1511 1320 1528 suae
1338 1512 1452 1529 causam
1470 1504 1564 1529 venire
1582 1503 1617 1529 ad
1635 1512 1754 1530 examen

109 1556 283 1590 optaverint,
303 1556 411 1582 nullam
429 1565 466 1582 ex
484 1556 527 1582 his
547 1555 665 1589 quilibet
684 1556 910 1589 indignationem
930 1564 1030 1581 meam
1048 1556 1197 1586 sustineat,
1224 1556 1332 1582 nullum
1350 1556 1386 1582 ad
1405 1559 1505 1590 coepta
1531 1557 1687 1590 peragenda
1706 1566 1755 1591 per

109 1610 319 1643 suggestionem
343 1618 448 1636 meam
472 1610 601 1644 patiatur
623 1609 846 1640 incommodum,
869 1605 1010 1646 qualiter
1035 1617 1085 1636 me
1107 1610 1205 1636 antea
1227 1610 1261 1636 et
1284 1610 1396 1647 postea
1418 1617 1491 1647 erga
1513 1617 1566 1637 eos
1588 1607 1686 1647 egisse
1720 1607 1753 1637 in

109 1659 232 1700 synodo
249 1659 364 1690 fratres
374 1662 388 1680 k
404 1664 437 1690 et
451 1659 635 1700 coepiscopi
652 1659 754 1690 nostri
772 1670 836 1690 una
851 1670 929 1690 cum
944 1670 980 1690 eo
998 1659 1209 1700 reppererint,
1221 1659 1420 1690 sufficienter
1434 1660 1614 1700 dignationi
1629 1663 1753 1690 vestrae

110 1712 275 1754 praevalet
294 1723 442 1744 enarrare
455 1713 478 1743 ⁹.
510 1712 669 1748 Quorum¹⁰
684 1716 826 1742 salubrem
847 1725 879 1742 ac
901 1710 1074 1749 regularem!
1087 1718 1196 1742 statum
1216 1718 1245 1741 et
1265 1717 1359 1749 cupivi
1380 1719 1409 1741 et
1429 1717 1511 1750 cupio
1531 1719 1559 1741 et
1581 1717 1705 1749 quaesivi
1725 1719 1754 1742 et

110 1778 214 1803 quaero
237 1772 267 1795 et
290 1778 412 1803 quorum
435 1770 590 1796 deiectioni
614 1770 758 1796 condolui
781 1770 814 1797 et
836 1766 939 1796 statui
962 1777 1075 1796 eorum
1097 1766 1295 1806 congaudeo.

197 1820 244 1850 De
261 1819 471 1859 Teutberga¹¹¹
488 1820 590 1851 etiam
609 1819 717 1860 regina
725 1819 762 1855 ¹¹,
785 1820 869 1850 unde
888 1818 1084 1850 sublimitati
1105 1823 1230 1850 vestrae
1251 1818 1291 1849 ab
1312 1818 1498 1850 humilitate
1522 1829 1591 1849 mea
1608 1819 1753 1849 mandari

108 1872 288 1913 rogastis12,
303 1873 381 1914 quia
398 1872 646 1904 Hlotharium1³
660 1872 712 1904 vel
732 1873 838 1914 ipsam
854 1872 1081 1912 Teutbergam,
1099 1876 1275 1913 postquam
1293 1872 1446 1902 Arsenius
1466 1872 1667 1902 venerandus
1687 1872 1752 1912 epi-

108 1926 259 1967 scopus¹4
281 1930 314 1957 et
336 1930 469 1957 sanctae
491 1925 642 1958 ecclesiae
656 1926 825 1957 Romanae
847 1926 1096 1967 apochrisiarius
1117 1925 1157 1956 ab
1171 1925 1337 1956 Attiniaco
1361 1924 1483 1966 palatio
1505 1925 1617 1956 domni
1642 1924 1752 1956 Karoli

108 1979 222 2019 regis¹⁵
237 1979 364 2020 gloriosi
382 1980 572 2021 perrexitlss,
589 1991 653 2010 non
668 1980 746 2015 vidi,
762 1983 868 2010 certae
883 1978 1084 2010 salubritatis
1103 1979 1263 2009 rationem
1282 1978 1373 2009 vobis
1394 1978 1545 2009 mandare
1567 1988 1631 2008 non
1650 1977 1750 2009 valeo.

191 2115 215 2142 ὃ)
228 2113 293 2137 Verb.
304 2121 351 2137 aaa
361 2114 451 2138 omissi
463 2114 494 2137 C.
566 2113 590 2144 ¹³)
603 2114 710 2139 szach.
720 2117 780 2138 elwa
790 2115 805 2138 5
816 2114 915 2137 Buchst.
924 2113 977 2137 rad.
988 2113 1017 2136 C.
1082 2115 1104 2142 c)
1119 2111 1231 2136 vetando
1242 2112 1272 2135 C.
1339 2111 1363 2139 Ἰ)
1379 2107 1533 2141 Uberyeschr.
1546 2111 1574 2134 C.
1642 2114 1664 2141 e)
1674 2111 1752 2141 respi-

109 2165 165 2181 cere
181 2158 210 2181 G.
295 2156 314 2187 ¹)
333 2157 456 2182 obnixius
474 2158 504 2181 C.
594 2161 616 2188 ἕ)
635 2159 719 2182 Erstes
736 2160 743 2182 i
760 2158 821 2181 verb.
834 2158 863 2181 C.
948 2156 972 2187 h)
990 2165 1006 2187 g
1022 2157 1092 2181 verb..
1105 2156 1166 2180 wohl
1178 2164 1225 2179 aus
1238 2156 1254 2179 b
1270 2156 1299 2179 C.
1381 2153 1400 2185 ¹)
1418 2155 1484 2179 Verb.
1496 2163 1543 2178 avus
1555 2156 1711 2178 auctoritate
1723 2155 1752 2178 C.

108 2199 134 2230 ιζ>
152 2201 218 2225 Verb.
235 2209 282 2225 aus
299 2202 387 2226 fratris
403 2202 434 2226 C.
533 2202 552 2231 1)
572 2202 647 2229 verb..
666 2203 784 2226 rrielleicht
801 2210 847 2225 uus
864 2201 1014 2232 regulariter
1032 2201 1069 2226 B:
1091 2200 1246 2232 singularem
1263 2199 1292 2224 0.
1386 2202 1418 2229 m)
1436 2199 1502 2223 Verb.
1519 2207 1550 2222 za
1566 2199 1702 2230 Teitberga
1722 2199 1751 2222 B.

197 2299 222 2330 l)
243 2299 417 2332 Auspielimy
435 2300 489 2331 avj
504 2299 548 2325 die
568 2300 730 2331 Privilryieu
750 2298 894 2324 Bencdilcls
909 2298 980 2325 Ill..
997 2297 1060 2323 ΜΗ.
1078 2297 1165 2330 Epist.
1180 2297 1228 2325 VI,
1244 2296 1321 2328 367s.
1339 2296 1388 2321 ΝΥ.
1402 2296 1460 2321 5911Υ
1478 2295 1569 2328 (J.-E'.
1583 2296 1680 2327 2664),
1698 2295 1752 2320 und

110 2342 254 2368 Nikolans'
271 2343 306 2371 Ι..
324 2343 387 2369 MG.
407 2343 497 2377 Epist.
512 2344 561 2371 Vl.
582 2344 670 2377 365ffl.
692 2344 743 2369 Nr.
756 2344 791 2368 59
814 2342 905 2375 (J.-E.
919 2342 1015 2373 2720).
1111 2342 1138 2372 2)
1160 2341 1223 2366 ΜΘ.
1248 2341 1336 2374 Epist.
1352 2340 1400 2370 VI,
1418 2340 1495 2372 4051‘.
1518 2340 1547 2365 Z.
1561 2340 1630 2373 32ff.
1655 2340 1704 2364 Nr.
1720 2340 1752 2364 71

112 2387 203 2419 (J.-E.
229 2387 326 2420 2802).
451 2389 479 2419 3)
504 2388 558 2421 l'yl.
592 2388 669 2420 Briej
697 2387 842 2413 Nikolaus'
866 2386 890 2412 Ι.
922 2386 972 2411 Nr.
994 2386 1034 2413 74.
1066 2385 1128 2411 MG.
1156 2385 1243 2418 Epist.
1266 2385 1315 2415 VI,
1334 2385 1387 2410 407
1414 2384 1444 2409 Z.
1464 2384 1514 2417 Iff.
1543 2383 1634 2416 (J.-E.
1654 2384 1749 2415 2302).

110 2432 137 2463 4)
155 2431 210 2463 Vql.
230 2431 328 2457 ebendn
347 2432 376 2457 Z.
391 2433 415 2457 3.
521 2434 549 2463 5)
568 2433 623 2465 1⁷91.
643 2436 723 2457 *tanen
745 2432 795 2457 ΝΥ.
808 2432 860 2456 180·
879 2430 907 2455 S.
922 2430 973 2455 190
982 2429 1010 2463 ff.
1105 2431 1132 2461 6)
1150 2429 1205 2461 Vql.
1219 2429 1269 2454 das
1281 2428 1538 2462 Synodalschreiben
1554 2437 1603 2453 von
1616 2428 1751 2455 Scis-sous,

110 2475 207 2500 Mansi.
228 2476 286 2503 XV.
302 2477 361 2502 730.
476 2478 503 2507 7)
525 2477 584 2509 Aul
608 2477 654 2501 der
679 2476 787 2509 Sywode
813 2484 860 2499 von
888 2475 1016 2499 Soissofns
1040 2474 1093 2499 <3¹53
1117 2482 1206 2499 waren
1230 2474 1264 2499 13
1286 2473 1426 2498 Geistliche
1450 2472 1613 2498 namfenclich
1636 2475 1752 2504 qenau'nt

110 2519 223 2547 worden.
243 2520 342 2546 sslrmsi.
362 2520 440 2551 XIV,
458 2522 526 2551 96¹3,-
544 2521 586 2546 die
605 2521 747 2546 ‘Narratio
764 2520 917 2545 clericorum
940 2518 1124 2544 Rcmensium’
1141 2517 1243 2551 spricht
1265 2526 1315 2543 von
1338 2517 1393 2542 fere
1415 2520 1482 2542 tunc
1505 2517 1639 2550 temporis
1662 2516 1751 2541 XIIII

111 2572 236 2591 nurnero.
260 2564 324 2590 ΜΟ.
348 2565 429 2590 Cone.
456 2565 499 2593 II.
517 2565 578 2590 813.
691 2566 718 2596 8)
739 2564 803 2589 MG.
828 2563 915 2596 Epist.
937 2563 985 2590 VI,
1003 2563 1056 2587 406
1076 2562 1105 2587 Ζ.
1122 2562 1190 2595 Ib'ff.
1215 2561 1265 2587 Nr.
1281 2562 1313 2587 74
1337 2561 1428 2594 (J.-.E
1442 2561 1538 2593 2802).
1650 2561 1677 2591 9)
1696 2560 1749 2592 Vql.

112 2611 191 2633 umen
207 2608 257 2633 ΝΥ.
271 2609 323 2634 186
339 2608 368 2634 S.
382 2609 435 2634 193
449 2609 480 2634 Ζ.
496 2610 557 2641 341.
574 2609 603 2634 S.
619 2609 688 2633 auch
703 2608 752 2633 [la-s
766 2606 1024 2640 Synodalschreihen
1042 2614 1089 2631 rou
1107 2606 1242 2635 Sci-seon&
1263 2606 1361 2631 BIan-si
1380 2605 1440 2635 XV,
1461 2606 1520 2630 725.
1635 2606 1677 2635 10>
1697 2604 1750 2636 Vyl.

109 2652 173 2677 oben.
193 2652 243 2678 Nr.
257 2653 309 2678 134
329 2653 357 2678 S.
372 2653 423 2678 175
448 2653 480 2678 Z.
494 2653 557 2686 331
678 2653 721 2683 11)
741 2651 883 2677 (τέηιαῘιΗη
903 2649 995 2682 Kc'iniq
1014 2650 1127 2675 Lotlzars
1143 2650 1185 2676 II.
1306 2651 1350 2681 12)
1375 2644 1445 2674 Uber
1458 2649 1544 2674 dieses
1560 2648 1697 2674 Ersuclien
1717 2648 1751 2672 is!

76 2699 87 2718 ὃ
109 2696 281 2729 nnderweitiq
305 2697 393 2723 nichls
417 2697 547 2723 bekannt.
571 2698 626 2730 1791.
649 2697 716 2722 «auch
740 2696 788 2722 Lot
808 2704 833 2720 α.
847 2696 914 2720 (1.0.
940 2695 975 2727 (s.
999 2694 1063 2719 oben
1079 2694 1107 2719 S.
1122 2694 1173 2719 187
1189 2694 1224 2719 A.
1237 2694 1279 2726 6).
1406 2694 1448 2725 13)
1470 2693 1563 2725 Κόηίς]
1586 2692 1684 2718 Lothar
1707 2692 1749 2717 II.

112 2742 154 2772 14)
172 2741 229 2766 l'on
252 2742 312 2767 Orte
338 2742 530 2774 (855—868).
648 2743 690 2773 15)
711 2741 766 2765 Des
782 2739 898 2765 Kahflen.
1014 2739 1056 2769 16)
1074 2738 1129 2771 Vql.
1154 2738 1229 2763 Arm.
1257 2738 1359 2763 Bertin.
1378 2738 1429 2763 865
1445 2737 1484 2762 ecl.
1502 2737 1585 2763 Waitz
1601 2736 1628 2761 S.
1649 2737 1688 2761 76.
1708 2736 1748 2760 73.

110 2785 249 2810 [Jtzmanler
271 2786 331 2813 112.
358 2786 409 2811 131
417 2786 446 2819 ff
455 2795 464 2815 ,²
495 2786 613 2811 Parisoi.
640 2785 675 2810 Le
700 2793 829 2817 royaumc
853 2783 883 2808 de
909 2782 1038 2807 Lori—aine
1064 2782 1209 2815 S.278ff;
1243 2782 1342 2809 Perels,
1371 2782 1457 2814 Papst
1483 2781 1619 2806 Nikolaus
1642 2780 1666 2805 I.
1695 2779 1751 2805 und

110 2829 275 2855 Anastasius
296 2830 528 2855 Bibliolherarius
547 2830 575 2855 S.
590 2830 677 2862 12715.
