2220 3192
81 775 106 794 10

78 1041 106 1061 15

79 1307 105 1326 20

78 1572 104 1592 2⁵

74 1838 103 1858 ³0

78 2103 106 2123 35

77 2369 105 2388 40

78 2675 104 2694 45

704 200 890 226 HINKMAR
911 200 989 226 VON
1011 199 1130 225 REIMS
1152 200 1211 225 134.
1739 196 1778 226 77

129 301 202 322 arca
218 290 397 327 continuit,
416 291 462 321 ita
481 301 576 322 nemo
594 289 713 321 salvari
730 293 849 330 potest,
866 290 924 330 qui
942 289 1003 320 fide
1020 292 1107 320 recta
1123 292 1156 319 et
1171 289 1266 319 bonis
1282 288 1433 329 operibus
1450 288 1483 319 in
1502 288 1629 319 unitate
1647 291 1779 319 sanctae
1805 289 1880 319 860.

129 343 279 374 ecclesiae
301 354 366 374 non
388 343 615 384 permanserit.

221 396 283 427 Sed
297 400 329 427 et
343 397 401 427 hac
417 396 558 437 spiritali
572 397 698 427 ratione
713 395 858 437 praelata
872 396 911 426 de
925 400 997 426 tam
1010 395 1263 426 eminentissimi
1278 395 1422 426 nominis
1435 394 1596 435 dignitate
1610 398 1643 425 et
1657 393 1780 425 talibus

131 449 294 490 personis1
308 460 406 480 causa
423 461 488 480 non
504 450 621 490 exigua
636 448 828 485 ventilatur,
846 452 883 479 ut
898 459 986 489 reges
1000 452 1105 479 terrae
1120 452 1152 479 et
1167 458 1281 479 omnes
1296 447 1422 488 populi,
1440 447 1603 488 principes
1618 450 1650 478 et
1665 457 1780 478 omnes

131 502 252 533 iudices
265 506 381 537 terrae,
398 503 531 533 iuvenes
544 506 577 533 et
590 502 743 542 virgines,
759 513 850 532 senes
862 513 940 532 cum
955 501 1137 532 iunioribus
1151 501 1185 531 in
1198 501 1257 532 hac
1273 501 1439 532 intendere
1453 500 1605 537 debeant,
1620 504 1653 531 et
1668 500 1780 531 iudicii

127 555 303 586 veritatem
325 559 357 586 et
380 555 614 586 sacerdotalem
636 566 833 585 consensum
856 558 888 585 et
912 555 1016 594 regiae
1041 554 1313 590 mansuetudinis,
1338 554 1518 594 patientiae
1540 557 1573 584 et
1595 553 1780 584 dilectionis

129 608 278 639 studium
302 619 375 648 erga
399 608 556 639 honorem
581 619 690 639 suum.
733 608 827 638 Unde
853 608 1015 648 scriptum
1039 611 1102 637 est:
1127 607 1255 637 ‘Honor
1280 607 1361 647 regis
1386 607 1545 638 iudicium
1568 606 1703 647 diligit'3
1728 610 1775 638 et:
1795 614 1911 638 Ps.98‚4.

127 661 273 692 ‘Iustitia
298 660 449 692 firmatur
472 661 611 692 thronus
634 661 730 697 eius';
755 664 787 691 et
811 661 906 691 item:
930 660 1076 690 ‘Iustitia
1100 663 1133 689 et
1156 660 1315 690 iudicium
1340 660 1545 700 praeparatio
1570 660 1653 690 sedis
1675 660 1775 691 tuae’.
1795 653 1940 703 ξζῗξρῗῗὸῗ

127 714 171 745 Et
190 713 264 745 licet
283 714 350 744 sint
368 713 450 745 aliae
468 715 620 751 virtutes,
641 715 708 745 sine
727 713 847 754 quibus
864 713 905 743 ad
925 723 1063 753 regnum
1082 723 1146 742 non
1167 713 1356 753 pervenitur
1373 717 1557 747 aeternum,
1576 716 1691 743 tamen
1709 713 1777 744 sine

127 767 177 798 his
197 766 314 803 tribus,
336 777 419 807 quas
440 767 623 808 posuimus,
645 771 808 807 tyrannus
830 766 898 796 fieri
921 769 1040 807 potest,
1063 775 1201 804 regnum
1221 768 1335 796 autem
1357 765 1529 796 salubriter
1551 777 1646 796 nemo
1669 769 1777 806 potest

128 820 273 851 obtinere
292 823 476 851 terrenum:
498 820 530 850 id
549 824 598 850 est
618 821 686 850 sine
709 819 972 854 mansuetudine,
992 818 1070 858 quia
1089 818 1268 849 ‘mansueti
1287 818 1518 849 hereditabunt
1538 819 1687 856 terram³3
1708 819 1776 850 sine
1794 827 1925 851 Ps.36,11.

129 873 301 915 patientia,
321 874 399 913 quia
419 872 546 904 ‘melior
567 877 614 903 est
636 873 765 914 patiens
784 873 853 903 viro
876 872 968 907 forte,
990 875 1023 901 et
1042 871 1101 911 qui
1120 871 1310 901 dominatur
1330 872 1441 902 animo
1462 882 1531 905 suo,
1553 876 1776 912 expugnatore
1794 880 1859 900 Prov.
1873 881 1907 904 16,
1919 881 1955 900 32.

129 926 287 963 urbium³;
311 930 359 957 et:
381 926 434 956 ‘In
458 926 620 967 patientia
641 929 749 956 vestra
773 924 979 966 possidebitis
1000 924 1129 955 animas
1148 924 1301 960 vestras’3
1325 925 1392 954 sine
1421 935 1497 954 vera
1525 925 1708 961 dilectione,
1736 926 1776 956 de
1793 933 1942 957 Luc.21,19.

127 991 191 1021 qua
209 979 338 1010 dictum
355 984 418 1010 est:
437 979 521 1016 ‘Qui
538 979 674 1019 diligitis
683 978 876 1011 Dominum,
893 978 980 1008 odite
1001 976 1149 1013 malum³‚
1167 977 1325 1017 quoniam
1342 977 1411 1017 ‘qui
1429 977 1535 1017 diligit
1554 978 1774 1017 iniquitatem,
1794 973 1830 1019 {32
1842 974 1878 1024 {52
1890 974 1924 1019 ξ’)

127 1033 196 1064 odit
210 1033 359 1064 animam
375 1033 493 1063 suam’.
509 1032 553 1063 Et
569 1033 650 1063 item
666 1032 699 1062 in
716 1031 842 1072 psalmo
859 1031 1021 1071 scriptum
1037 1033 1100 1060 est:
1116 1030 1280 1063 ‘Intende
1298 1041 1448 1070 prospere
1466 1031 1600 1070 procede
1616 1035 1648 1061 et
1665 1042 1776 1071 regna:
1795 1039 1830 1058 ΡΞ.
1843 1041 1878 1063 44,
1891 1039 1911 1059 5.

129 1090 261 1128 propter
281 1086 457 1116 Veritatem
478 1090 511 1116 et
536 1085 824 1116 mansuetudinem
846 1088 878 1115 et
901 1083 1087 1115 iustitiam’,
1109 1083 1188 1123 quia
1209 1083 1385 1113 veritatem
1406 1090 1606 1123 exsequensa
1630 1095 1777 1115 mansue-

127 1139 279 1170 tudinem
299 1150 378 1170 cum
401 1139 529 1169 iustitia
551 1138 767 1174 conservabit,
793 1141 829 1167 ut
853 1148 909 1168 nec
932 1136 1041 1167 zelum
1062 1136 1270 1167 rectitudinis
1293 1136 1325 1166 in
1352 1136 1614 1167 mansuetudinis
1637 1137 1777 1177 pondere

127 1191 331 1233 derelinquat
361 1203 418 1222 nec
448 1203 581 1222 rursum
610 1191 738 1232 pondus
770 1190 1034 1222 mansuetudinis
1062 1189 1269 1220 rectitudinis
1297 1189 1364 1219 zelo
1395 1189 1579 1229 perturbet2
1607 1190 1776 1229 quoniam,

128 1250 165 1276 ut
183 1245 351 1286 Sapientia
370 1245 465 1276 dicit:
484 1245 579 1279 ‘Rex
599 1245 656 1285 qui
676 1245 765 1275 sedet
785 1244 817 1274 in
838 1243 916 1274 solio
936 1243 1058 1275 iudicii.
1074 1243 1212 1283 dissipat
1231 1253 1328 1273 omne
1350 1242 1475 1273 malum
1494 1242 1619 1272 1111111111
1640 1243 1725 1279 5110’;
1745 1248 1777 1274 et
1796 1252 1860 1271 rrov.
1874 1253 1908 1275 20,
1922 1253 1941 1271 8.

127 1300 222 1330 item:
244 1299 339 1335 ‘Rex‚
362 1298 419 1339 qui
442 1298 567 1329 iudicat
591 1308 751 1339 pauperes
773 1297 805 1327 in
827 1297 978 1332 veritate,
1001 1296 1140 1326 thronus
1162 1296 1232 1326 eius
1254 1296 1286 1326 in
1309 1299 1482 1326 aeternum
1506 1295 1721 1327 fundabitur'.
1795 1305 1953 1328 i>rov.29,14.

216 1351 268 1382 Ex
285 1351 494 1383 sacerdotalis
510 1362 585 1382 vero
601 1361 779 1382 consensus
794 1354 894 1390 atque
911 1349 1109 1380 discriminis
1126 1353 1218 1389 parte
1235 1349 1376 1379 Domino
1393 1349 1528 1379 dicitur:
1545 1348 1777 1380 ‘Misericordia
1796 1358 1829 1377 rs.
1843 1357 1877 1381 25,
1895 1360 1958 1378 3—7.

126 1409 185 1436 tua
201 1409 279 1436 ante
297 1404 408 1435 oculos
427 1416 515 1436 meos
531 1408 592 1441 est,
611 1408 643 1435 et
659 1403 831 1444 conplacui
850 1403 884 1433 in
901 1403 1040 1433 veritate
1058 1407 1127 1432 tua.
1146 1402 1219 1432 Non
1239 1402 1305 1432 sedi
1321 1413 1399 1432 cuni
1416 1402 1551 1432 concilio
1568 1402 1728 1433 vanitatis
1744 1406 1777 1433 et

126 1469 204 1489 cum
225 1458 338 1499 iniqua
359 1457 550 1498 gerentibus
572 1468 637 1488 non
659 1456 813 1488 introibo.
839 1456 934 1487 Odivi
956 1455 1124 1486 ecclesiam
1148 1454 1403 1495 malignantium
1424 1458 1457 1485 et
1477 1466 1555 1485 cum
1578 1455 1689 1495 impiis
1712 1466 1775 1486 non

127 1511 253 1543 sedebo.
278 1511 409 1542 Lavabo
434 1511 519 1541 inter
543 1511 733 1541 innocentes
760 1520 877 1541 manus
902 1520 990 1540 meas
1013 1512 1046 1539 et
1069 1508 1278 1539 circumdabo
1301 1508 1404 1539 altare
1427 1512 1538 1545 tuum,
1562 1508 1712 1544 Domine,
1740 1512 1777 1539 ut

125 1565 259 1596 audiam
275 1575 390 1595 Vocem
409 1564 515 1595 laudis
528 1568 607 1595 tuae
621 1567 654 1594 et
669 1574 818 1594 enarrem
836 1563 987 1593 universa
1005 1561 1164 1593 mirabilia
1180 1562 1261 1592 tua'.
1282 1561 1354 1598 Sed,
1376 1565 1412 1591 ut
1430 1565 1564 1591 sanctus
1581 1561 1659 1591 dicit
1670 1562 1683 1580 2
1701 1561 1778 1592 Gre-

125 1618 243 1659 gorius,
263 1621 347 1647 video
367 1622 445 1649 111105,
467 1621 568 1654 quibus
588 1629 637 1654 per
654 1621 748 1646 locum
769 1620 921 1652 magisterii
940 1619 1091 1646 exortandi
1109 1622 1177 1644 sunt
1195 1619 1290 1644 officia
1309 1618 1499 1651 arguendique
1520 1619 1678 1644 commissa.
1699 1628 1715 1651 q
1724 1619 1778 1643 uia

127 1675 225 1701 vident
247 1674 355 1708 aliquid
376 1674 519 1700 inlicitum
541 1674 656 1700 admitti
678 1676 708 1698 et
730 1676 836 1700 tamen.
860 1672 928 1698 dum
952 1672 1130 1705 quorundam
1154 1675 1305 1705 potentum
1327 1671 1468 1697 offender(-
1492 1671 1613 1703 gratiam
1637 1674 1777 1699 metuunt,

126 1737 240 1761 arguere
262 1736 319 1753 non
341 1730 536 1760 praesumunt.
565 1727 696 1760 Quisquis
717 1727 770 1751 iste
791 1730 844 1753 est.
867 1725 935 1758 quid
957 1725 1033 1751 aliud
1056 1725 1134 1752 facit.
1156 1726 1208 1750 nisi
1230 1725 1309 1749 videt
1330 1724 1428 1757 lupum
1451 1725 1611 1749 venientem
1632 1727 1662 1749 et
1682 1724 1775 1757 sugit?
1794 1730 1989 1753 vgi.10n.10‚12.

126 1781 220 1814 Fugit.
244 1782 311 1814 quia
332 1782 437 1809 meum
459 1782 560 1810 tacuit,
583 1781 649 1813 quia
670 1780 798 1813 dispectu
820 1782 936 1805 aeterna
958 1779 1050 1811 gratia
1071 1778 1257 1811 temporalem
1279 1778 1397 1810 gloriam
1420 1778 1482 1810 plus
1503 1778 1622 1802 amavit.
1644 1772 1705 1803 Etb
1726 1777 1778 1803 seb

126 1838 192 1860 ante
210 1835 335 1867 potentis
352 1834 454 1860 faciem
470 1834 546 1860 intra
562 1834 603 1858 sui
620 1842 649 1858 se
666 1833 791 1859 latebras
807 1832 911 1857 silentii
929 1831 1080 1857 abscondit
1095 1835 1124 1856 et
1140 1832 1214 1857 sicut
1231 1831 1419 1864 persecutioni
1438 1830 1575 1863 publicae.
1593 1831 1631 1855 si(¹
1648 1830 1776 1855 oei-'ultec

126 1888 218 1913 locum
238 1887 318 1912 dedit
338 1887 442 1913 timori.
465 1887 540 1912 Bene
560 1886 594 1911 de
615 1886 721 1912 talibus
741 1886 858 1912 dicitur:
879 1885 1059 1912 'Dilexerunt
1078 1885 1196 1917 gloriam
1216 1884 1364 1910 hominum
1386 1884 1473 1914 inagis
1495 1892 1579 1916 qnam
1602 1883 1671 1908 Dei’.
1699 1884 1776 1914 Quis·
1797 1890 1938 1913 loli.12,4::.

126 1942 188 1973 quis
201 1941 287 1973 igitur
300 1940 365 1966 talis
377 1943 430 1970 est,
442 1940 465 1965 si
479 1940 547 1965 haec
561 1939 690 1966 districte
704 1939 876 1966 iudicantur.
893 1948 907 1963 e
916 1942 927 1963 t
942 1939 1099 1971 persecutio
1113 1937 1225 1970 publica
1239 1937 1330 1962 defuit
1348 1938 1378 1962 vt
1395 1940 1491 1962 tamen
1506 1936 1626 1962 tacendo
1635 1936 1779 1962 Christum

127 1994 251 2027 negavit.

217 2043 385 2074 Iudicibus
410 2046 524 2074 autem
552 2043 766 2083 praecipitur:
792 2041 840 2072 ‘Si
866 2052 938 2072 vere
967 2041 1080 2081 utique
1107 2040 1271 2071 iustitiam
1297 2039 1482 2080 loquimini,
1510 2042 1597 2069 recta
1623 2039 1775 2075 iudicate,
1795 2050 1908 2072 meza

128 2096 186 2127 filii
201 2096 398 2129 hominum',
411 2099 460 2133 ut,
470 2107 549 2127 cum
564 2096 703 2136 quisque
722 2095 913 2126 mortalium
929 2094 1089 2125 iudicium
1104 2093 1229 2124 dederit
1245 2092 1427 2134 publicum,
1446 2092 1472 2122 si
1486 2103 1604 2123 verum
1619 2092 1775 2132 loquitur⁷

126 2160 241 2180 verum
266 2153 299 2180 et
326 2149 448 2180 iudicet
475 2159 532 2180 nec
561 2152 663 2190 ponat
690 2148 860 2179 blanditiis
887 2158 1076 2178 sermonum
1105 2146 1327 2187 muscipulam
1352 2145 1564 2186 deceptionis,
1593 2156 1650 2186 per
1675 2155 1778 2185 quam

126 2202 250 2233 occulte
266 2203 436 2233 interimat
452 2202 653 2237 innocentes,
669 2202 845 2232 attendens
859 2201 936 2241 quia
952 2200 1048 2231 homo
1063 2200 1153 2230 videt
1169 2200 1202 2230 in
1219 2199 1310 2235 facie,
1326 2199 1415 2229 Deus
1428 2202 1543 2229 autem
1559 2198 1592 2228 in
1607 2198 1711 2228 corde.
1732 2198 1775 2228 Et
1794 2195 1948 2246 Vss¹jssf71fffl

126 2255 165 2287 ‘si
174 2255 298 2286 oculus’
309 2275 352 2278 ψ
362 2255 394 2286 id
409 2259 458 2286 est
473 2255 614 2286 intentio
629 2253 950 2295 cordis—‘simplex
966 2253 1075 2289 fuerit,
1087 2256 1199 2283 totum
1213 2252 1341 2293 corpns’
1353 2271 1396 2274 —
1406 2252 1437 2282 id
1453 2255 1501 2282 est
1517 2251 1624 2282 omnis
1638 2251 1723 2281 actio
1734 2270 1775 2272 —
1792 2249 1906 2298 Ᾰξζξζῦὶξ
1919 2249 1958 2294 ξΞ

125 2308 244 2340 ‘lucida
259 2309 348 2345 erit'3
370 2309 396 2340 si
411 2312 526 2340 autem
547 2309 618 2349 ipsa
634 2308 774 2338 intentio
790 2307 961 2337 tenebrosa
984 2306 1093 2343 fuerit,
1110 2306 1177 2336 iam
1191 2305 1355 2341 tenebrae,
1370 2316 1454 2345 quae
1475 2305 1509 2335 in
1524 2304 1652 2335 actione
1667 2308 1774 2339 erunt,

127 2366 163 2392 ut
184 2362 330 2397 modum,
352 2362 398 2393 ita
418 2365 451 2392 et
472 2372 592 2393 nomen
612 2361 823 2391 tenebrarum
844 2371 926 2401 pene
945 2359 1120 2390 excedunt.
1140 2359 1184 2389 Et
1204 2362 1338 2389 sanctus
1359 2358 1531 2398 Gregorius
1550 2356 1665 2388 dicit³2
1689 2360 1776 2386 Video

126 2427 246 2452 namque
269 2418 437 2444 nonnullosd
459 2419 501 2444 ita
516 2427 666 2451 personam
684 2418 809 2450 potentis
824 2417 959 2449 accipere.
976 2419 1009 2441 ut
1023 2416 1151 2448 requisiti
1167 2415 1204 2441 ab
1218 2424 1251 2440 eo
1267 2423 1317 2448 pro
1332 2414 1429 2441 favore
1445 2415 1504 2440 eius
1523 2423 1579 2439 non
1597 2414 1731 2439 dubitent
1749 2414 1776 2438 in

127 2480 210 2497 causa
225 2472 347 2505 proximi
363 2480 472 2498 verum
488 2480 597 2504 negare.
616 2471 654 2496 Et
670 2471 732 2504 quis
746 2474 790 2495 est
806 2470 911 2496 veritas
927 2470 979 2494 nisi
995 2469 1049 2499 ille,
1067 2469 1114 2502 qui
1130 2468 1216 2493 dixit:
1232 2468 1303 2500 ‘Ego
1319 2476 1382 2493 sum
1398 2468 1444 2493 via
1459 2468 1491 2494 et
1508 2467 1612 2493 veritas
1633 2470 1663 2491 et
1685 2467 1745 2491 vita
1755 2466 1775 2490 Τ
1794 2475 1842 2494 hm,
1857 2477 1890 2498 14,
1901 2475 1920 2493 e.

127 2524 223 2558 Neque
239 2525 315 2550 enim
334 2525 461 2558 baptista
478 2525 619 2550 Iohannes
636 2524 670 2549 de
688 2523 861 2549 confessione
877 2522 990 2549 Christi.
1006 2521 1055 2547 sed
1070 2521 1104 2546 de
1119 2522 1246 2546 iustitiae
1262 2521 1382 2548 veritate
1398 2521 1550 2553 requisitus
1565 2519 1710 2545 occubuit:
1728 2519 1777 2543 sed

128 2578 192 2610 quia
209 2577 337 2604 Christus
355 2581 399 2603 est
417 2578 532 2605 veritas,
551 2577 588 2603 ad
607 2580 727 2603 mortem
746 2584 833 2608 usque
852 2575 956 2601 idcirco
975 2583 1025 2607 pro
1043 2574 1164 2604 Christo,
1184 2575 1250 2607 quia
1268 2573 1400 2599 videlicet
1418 2582 1469 2606 pro
1487 2573 1617 2602 veritate,
1637 2572 1773 2605 pervenit.

210 2674 233 2700 a)
250 2672 283 2695 So
303 2672 331 2695 Β.
418 2671 442 2701 t³)
458 2672 491 2695 So
511 2672 539 2694 B.
625 2674 647 2699 c)
664 2671 763 2699 occ-ulte
782 2670 812 2693 B.
899 2668 923 2695 11)
941 2669 1005 2692 I'erb.
1021 2676 1068 2691 (ms
1084 2668 1222 2692 nonnullus
1240 2669 1270 2691 B.

219 2751 243 2782 l)
258 2751 314 2783 Vyl.
332 2751 394 2775 oben
410 2751 438 2776 S.
455 2751 486 2775 75
499 2751 529 2775 Z.
547 2751 585 2775 19.
681 2750 708 2780 2)
728 2749 827 2774 Morol.
847 2747 962 2775 XXIX,
978 2748 1001 2775 7,
1016 2747 1058 2777 17,
1077 2747 1171 2779 Mi'qne
1187 2747 1228 2776 76,
1242 2747 1302 2771 486.
1399 2746 1426 2777 3)
1446 2746 1545 2771 Moral,
1561 2744 1675 2773 XXIX,
1692 2744 1714 2771 7,
1731 2744 1771 2768 16.

130 2793 223 2827 Miqne
241 2795 282 2822 76.
301 2795 377 2826 485f.
