2220 3192
85 811 112 830 10

82 1076 108 1095 15

79 1874 106 1893 30

79 2143 106 2162 35

79 2409 106 2428 40

79 2750 104 2768 45

707 235 894 262 HINKMAR
914 237 991 264 VON
1012 238 1132 264 REIMS
1154 240 1213 265 188.
1723 239 1782 268 199

134 332 246 353 omnes
257 320 438 351 salvantur.
451 321 538 352 ‘Lux
549 322 638 353 enim
649 322 737 354 lucet
747 324 782 354 in
796 325 937 356 tenebris
951 330 984 356 et
999 327 1149 358 tenebrae
1164 339 1238 358 eam
1254 339 1320 358 non
1335 329 1679 369 comprehenderunt';
1695 330 1781 370 quod
1808 328 1880 357 866.

135 385 200 405 non
219 374 363 416 pertinet
381 374 423 404 ad
440 371 575 414 culpam
595 374 687 412 lucis,
706 377 761 407 sed
777 377 819 408 ad
836 379 1057 410 tenebrarum.
1078 381 1151 411 Lux
1168 381 1291 422 quippe
1312 382 1404 412 venit
1421 382 1456 412 in
1476 382 1638 413 mundum
1655 383 1780 414 dicens:
1796 369 1844 390 '⁰¹¹'
1856 370 1904 393 ¹’⁵'

133 428 214 468 ‘Ego
230 438 306 458 sum
322 426 381 457 lux
399 427 531 464 mundi;
548 428 605 468 qui
621 429 768 469 sequitur
786 441 847 467 me,
860 442 925 461 non
940 432 1091 463 ambulat
1106 433 1140 464 in
1156 434 1308 470 tenebris,
1319 435 1374 465 sed
1390 435 1523 466 habebit
1539 434 1651 466 lumen
1666 436 1777 467 vitae’.
1796 445 1923 469 1011.s,12.

134 481 196 512 Sed
212 480 413 512 ‘dilexerunt
430 480 579 511 homines
597 481 747 512 tenebras
767 483 868 523 magis
885 495 987 524 quam
1005 484 1127 517 lucem:
1146 491 1240 517 erant
1257 487 1345 518 enim
1362 499 1475 519 eorum
1496 487 1581 520 mala
1598 490 1718 530 opera'.
1737 489 1780 520 Et
1798 498 1880 522 Iona,
1893 499 1928 518 19.

135 535 217 565 item
233 533 586 575 comprehendentibus
605 532 713 565 lucem
733 536 874 566 tenebris
892 537 962 577 ipsa
981 537 1039 568 lux
1059 549 1114 579 per
1131 539 1319 580 apostolum
1337 541 1432 571 dicit:
1450 540 1586 572 ‘Fuistis
1603 542 1779 582 aliquando
1796 551 1855 574 Eph.
1867 551 1887 574 5.
1900 552 1920 571 8.

132 587 296 623 tenebrae,
320 597 406 617 nunc
428 590 544 617 autem
565 585 625 617 lux
645 587 679 618 in
699 588 864 619 Domino'.
893 591 991 624 Quod1
1012 595 1125 622 autem
1146 593 1282 632 qnidam
1302 598 1473 634 sequentes
1494 593 1602 626 lucem
1622 599 1779 629 salvantur,

132 644 271 671 salvantis
289 647 333 669 est
349 644 472 674 donum3
491 644 524 670 et
544 644 621 676 quod
638 641 775 681 quidam
793 641 827 672 in
846 643 988 673 tenebris
1007 648 1211 675 remanentes
1231 653 1358 683 pereunt,
1378 652 1556 683 pereuntium
1574 654 1618 676 est
1636 653 1778 678 meritum.

131 694 320 726 ‘Universae
341 693 431 724 enim
451 693 522 724 viae
544 693 679 724 Domini
702 694 918 726 misericordia
939 700 973 726 et
993 697 1135 728 veritas'.
1159 698 1220 727 Ut²
1241 703 1316 728 enim
1337 711 1399 729 reus
1420 703 1581 734 damnetur,
1602 705 1780 738 inculpabilis
1799 711 1926 734 Ps.24,10.

134 751 186 777 Dei
201 751 313 777 iustitia
327 753 384 780 est;
401 753 434 776 ut
450 753 549 776 autem
565 758 628 776 reus
643 750 822 778 iustificetur.
839 752 992 778 ineffabilis
1008 753 1060 778 Dei
1076 755 1167 787 gratia
1182 757 1232 779 est.
1250 752 1293 782 Et
1308 753 1488 794 redemptio
1504 753 1639 784 humani
1656 755 1779 795 generis

134 800 286 831 omnibus
310 800 480 841 proposita
503 803 563 836 est,
588 800 643 830 sed
668 800 816 831 fidelibus
839 802 897 832 dat
919 801 1071 833 salutem.
1094 803 1159 834 ‘Sic
1183 804 1272 835 enim
1294 804 1409 836 dilexit
1430 806 1518 836 Deus
1543 808 1715 843 mundum,
1742 811 1779 838 ut
1796 817 1843 837 1011.
1855 817 1876 840 3,
1890 818 1923 836 ω.

132 853 239 885 filium
255 865 354 884 suum
372 853 582 894 unigenitum
598 853 707 890 daret;
726 857 763 884 ut
779 855 898 892 omnis,
909 855 966 895 qui
981 856 1084 886 credit
1099 856 1133 886 in
1149 867 1237 891 eum,
1252 868 1315 888 non
1333 863 1452 899 pereat,
1470 860 1524 890 sed
1540 859 1657 891 habeat
1672 861 1778 892 vitam

131 907 321 938 aeternam'.
339 906 416 944 ‘Qui
433 910 548 937 autem
566 917 631 937 non
648 907 762 940 credit.
781 907 847 938 iam
865 908 1028 939 iudicatus
1045 909 1116 939 est'.
1140 910 1233 946 Quod
1250 914 1283 940 et
1299 911 1460 942 Dominus
1476 913 1629 949 ostendit,
1647 914 1777 954 quando
1795 923 1844 943 Ioh.
1856 924 1877 948 3,
1888 923 1922 943 ιε.

130 963 336 992 sacramenta
350 960 509 1001 passionis
521 971 599 990 suae
611 959 780 1001 discipulis
792 964 826 991 et
836 960 993 1002 apostolis
1005 962 1072 992 suis
1084 963 1220 993 tradidit
1231 963 1355 994 dicens:
1367 964 1451 996 ‘Hoc
1464 968 1513 995 est
1523 976 1640 1006 corpus
1655 977 1776 1004 meum,
1792 975 1846 996 Luc.
1859 977 1894 1000 22,
1906 977 1941 996 19.

130 1014 217 1055 quod
235 1024 292 1055 pro
302 1013 395 1044 vobis
410 1014 587 1050 tradetur';
603 1017 651 1044 et:
670 1013 731 1044 Hic
747 1018 797 1043 est
812 1015 944 1054 sanguis
961 1026 1062 1049 meus,
1078 1016 1135 1056 qui
1152 1027 1209 1056 pro
1224 1016 1315 1047 vobis
1330 1021 1363 1047 et
1378 1028 1435 1058 pro
1452 1017 1565 1049 multis
1580 1019 1776 1051 effundetur.
1794 1029 1942 1054 vgi.1.uc.22,
1953 1030 1989 1050 20.

132 1067 316 1108 Utrumque
334 1067 424 1098 enim
442 1067 476 1097 in
493 1067 660 1107 evangelio
679 1067 857 1098 invenitur.
878 1067 968 1098 Inter
981 1079 1074 1109 quos,
1090 1069 1209 1109 quibus
1224 1069 1300 1100 haec
1318 1070 1463 1107 tradidit,
1482 1075 1551 1102 erat
1568 1075 1601 1102 et
1615 1072 1713 1103 Iudas
1731 1084 1775 1103 re-

132 1120 309 1162 proborum
330 1123 446 1151 tenens
468 1124 609 1161 partem,
632 1121 718 1151 sicut
738 1121 836 1151 ceteri
857 1120 1009 1162 discipuli
1030 1120 1208 1153 electorum
1231 1126 1359 1163 partem
1380 1123 1536 1154 ferebant.
1560 1124 1635 1155 Ideo
1655 1126 1777 1167 quippe

132 1185 197 1205 non
217 1185 274 1215 pro
291 1173 457 1210 omnibus,
476 1173 531 1204 sed
550 1184 607 1215 pro
628 1173 741 1205 multis
759 1174 855 1210 dixit,
873 1175 951 1215 quia
970 1185 1035 1205 non
1053 1185 1166 1206 omnes
1182 1176 1337 1206 credituri
1354 1181 1458 1208 erant.
1479 1177 1606 1206 Effusi03
1624 1183 1699 1207 enim
1715 1191 1777 1208 san-

130 1231 222 1265 guinis
230 1231 334 1256 Christi
348 1227 426 1258 iusti
442 1239 492 1263 pro
505 1231 619 1256 iniustis
632 1234 693 1257 tam
706 1230 763 1256 fuit
775 1231 855 1256 dives
868 1231 905 1256 ad
920 1232 1052 1264 pretium.
1064 1234 1106 1265 ut,
1119 1232 1140 1257 si
1155 1233 1325 1258 universitas
1339 1234 1517 1266 captivorum
1530 1234 1558 1259 in
1572 1235 1777 1268 redemptorem

130 1293 214 1310 suum
233 1284 368 1313 crederet,
388 1284 499 1310 nullum
517 1284 624 1310 diaboli
643 1284 758 1310 vincula
777 1285 939 1310 retinerent.
967 1281 1030 1318 Qui
1049 1285 1163 1312 autem
1184 1293 1248 1312 non
1267 1283 1415 1319 credunt,
1435 1283 1497 1324 ipsi
1516 1283 1576 1314 Sibi
1595 1285 1776 1315 damnatio-

80 1342 93 1360 ·-’
132 1345 207 1365 nem
224 1334 414 1375 adquirunt.
433 1334 519 1364 Nam
537 1334 623 1364 sicut
641 1334 834 1370 incarnatio,
855 1334 1064 1375 praedicatio,
1085 1334 1252 1372 miracula,
1271 1336 1318 1366 ita
1335 1340 1385 1366 eta
1405 1348 1489 1367 mors
1507 1337 1624 1368 Christi
1641 1337 1728 1368 salus
1744 1342 1777 1368 et

130 1388 232 1418 honor
252 1391 302 1418 est
321 1386 542 1423 credentibus,
566 1398 631 1418 non
653 1387 862 1418 credentibus
884 1391 996 1418 autem
1018 1387 1102 1428 lapis
1123 1388 1310 1419 offensionis
1331 1393 1365 1420 et
1387 1394 1478 1430 petra
1499 1390 1652 1427 scandali,
1674 1390 1776 1422 veluti
1793 1415 1812 1433 1,
1826 1387 1942 1435 lwtlrssssffi
1954 1414 1974 1433 3.

130 1442 164 1472 in
176 1441 347 1482 scripturis
362 1440 531 1472 multoties
543 1444 577 1471 et
589 1441 713 1481 passim
724 1441 781 1481 qui
795 1440 908 1481 legunt
921 1441 1097 1472 inveniunt
1108 1445 1141 1471 et
1154 1442 1187 1472 in
1201 1446 1319 1473 natura
1330 1447 1553 1474 creaturarum
1565 1444 1775 1484 conspicitur,

131 1506 187 1536 per
204 1505 286 1535 quas
304 1493 480 1525 invisibilia
498 1494 558 1525 Dei
576 1494 725 1535 cognosci
743 1505 762 1525 a
783 1493 884 1525 Paulo
903 1495 1068 1525 dicuntur.
1791 1507 1987 1529 varnonmszo.

218 1547 312 1579 Unus
334 1558 475 1588 namque
496 1559 532 1578 ac
554 1547 641 1578 idem
661 1547 709 1578 sol
728 1546 839 1578 lutum
859 1548 992 1588 stringit
1011 1551 1044 1578 et
1063 1558 1171 1578 ceram
1192 1547 1308 1588 liquat,
1328 1553 1361 1579 et
1380 1549 1528 1580 conditor
1541 1560 1577 1579 ac
1592 1549 1777 1590 redemptor

80 1620 91 1626 -
128 1605 228 1641 atque
247 1600 390 1632 salvator
410 1604 519 1632 noster
539 1612 604 1632 non
622 1599 686 1632 alia
703 1601 901 1641 cogitatione
921 1601 1025 1632 iustos
1042 1601 1179 1632 adiuvat
1196 1605 1295 1642 atque
1314 1601 1377 1632 alia
1396 1602 1534 1633 iniustos
1552 1603 1703 1640 damnat;
1723 1603 1776 1633 sed

129 1665 196 1685 una
212 1655 390 1696 eademque
408 1655 441 1685 vi
461 1658 598 1685 naturae
617 1653 790 1695 singularis
808 1654 869 1685 sibi
887 1666 1016 1696 semper
1033 1654 1235 1685 indissimilis
1253 1655 1421 1686 dissimilia
1440 1656 1585 1696 disponit
1604 1667 1668 1686 una
1688 1667 1776 1696 prae-

128 1708 347 1739 destinatione
365 1719 436 1743 sua,
455 1718 539 1749 quae
557 1719 686 1749 semper
704 1708 738 1738 in
756 1708 841 1739 bono
858 1712 918 1739 est.
938 1708 981 1738 Et
998 1709 1042 1739 sic
1060 1712 1110 1738 est
1126 1708 1267 1748 gemina,
1287 1709 1371 1739 sicut
1391 1720 1475 1739 unus
1493 1712 1625 1739 sanctus
1643 1709 1777 1750 spiritus

129 1765 162 1792 et
182 1761 246 1792 duo
268 1761 414 1792 eiusdem
434 1761 524 1797 data,
548 1772 613 1792 una
633 1761 752 1792 caritas
772 1766 806 1792 et
826 1762 891 1792 duo
913 1762 1016 1802 ipsius
1038 1765 1220 1802 praecepta,
1245 1773 1309 1792 una
1329 1762 1387 1792 Dei
1409 1762 1649 1799 praeclestinat104
1671 1768 1721 1791 aut
1741 1766 1777 1792 ad

129 1819 236 1844 donum
261 1819 405 1852 pertinens
428 1819 537 1852 gratiae
560 1821 613 1844 aut
635 1819 671 1844 ad
695 1819 913 1845 retributionem
936 1819 1072 1847 iustitiae,
1098 1825 1161 1845 non
1188 1819 1224 1845 ut
1238 1815 1325 1845 Deus
1349 1815 1499 1856 reprobos
1524 1816 1775 1856 praedestinasse

128 1869 290 1904 credatur,
310 1868 398 1909 quod
417 1868 514 1905 absit,
535 1868 576 1899 ad
597 1879 748 1909 poenam,
769 1868 855 1899 sicut
873 1868 1016 1899 creditur
1034 1867 1151 1899 electos
1161 1875 1173 1888 η
1194 1868 1447 1908 praedestinasse
1466 1869 1508 1899 ad
1526 1868 1661 1909 gloriam
1680 1872 1713 1899 et
1731 1868 1775 1899 eis

128 1921 265 1961 gloriam
289 1932 497 1963 praeparasse
522 1932 710 1963 perennem,
734 1922 789 1953 sed
810 1922 880 1952 eius
904 1921 1211 1963 praedestinatione,
1234 1920 1336 1952 veluti
1359 1922 1387 1952 ei
1409 1922 1539 1952 canitur
1560 1933 1578 1952 a
1602 1921 1774 1962 propheta:

127 1974 359 2006 ‘Misericordia
376 1979 409 2005 et
426 1976 548 2006 veritas
566 1976 759 2016 praecedent
777 1975 894 2006 faciem
911 1975 1029 2011 tuam’,
1049 1986 1104 2015 per
1124 1974 1374 2005 misericordiam
1390 1975 1600 2005 conferantur
1617 1985 1699 2015 qnae
1717 1974 1775 2003 ad5
1793 1983 1825 2002 rs.
1838 1983 1872 2006 as,
1884 1984 1917 2002 ιε).

129 2032 245 2057 donum
263 2032 415 2065 pertinent
438 2033 546 2065 gratiae
564 2032 597 2059 et
613 2029 654 2059 ad
671 2029 847 2059 veritatem
865 2029 943 2059 iusti
961 2028 1071 2059 iudicii
1090 2028 1271 2058 referantur
1287 2038 1370 2068 quae
1388 2028 1568 2058 redduntur
1585 2031 1774 2057 retributione

129 2085 263 2111 iustitiae.
286 2082 398 2112 Bonus
417 2086 467 2112 est
485 2082 575 2113 enim
587 2086 620 2113 et
640 2082 748 2113 iustus
761 2082 794 2112 in
807 2082 960 2113 omnibus
971 2081 1145 2115 Dominus,
1158 2081 1315 2121 quoniam
1328 2081 1451 2112 bonum
1463 2085 1522 2117 est,
1536 2091 1613 2111 cum
1624 2080 1773 2111 debitum

128 2135 286 2171 redditur,
308 2139 341 2165 et
361 2135 489 2166 iustum
510 2140 570 2172 est,
591 2146 669 2167 cum
690 2135 876 2166 indebitum
897 2135 964 2165 sine
985 2135 1182 2174 cuiusquam
1202 2134 1315 2165 fraude
1335 2134 1487 2170 donatur,
1509 2134 1594 2164 sicut
1613 2134 1773 2174 scriptum

128 2192 192 2219 est:
213 2187 285 2219 ‘Cui
301 2187 386 2226 vult,
409 2189 579 2220 miseretur
598 2193 642 2225 et,
663 2200 763 2230 quem
782 2188 866 2225 vult,
887 2188 1042 2219 indurat’.
1067 2188 1235 2218 Miseretur
1256 2187 1413 2218 nimirum
1427 2187 1515 2217 Deus
1534 2188 1633 2227 gratis
1652 2187 1772 2227 impar·
1789 2195 1857 2215 Rom.
1868 2196 1888 2218 9.
1902 2195 1935 2215 ιε.

130 2241 240 2272 tiendo
266 2242 519 2273 misericordiam
542 2246 575 2272 et
598 2243 773 2273 auferendo
799 2242 995 2282 nequitiam3
1019 2241 1164 2270 obdurat⁶
1187 2244 1299 2271 autem
1323 2253 1388 2270 non
1414 2244 1601 2278 impertiendo
1626 2243 1773 2274 malitiam,

129 2299 178 2324 sed
194 2295 278 2325 iuste
297 2307 353 2325 non
369 2300 559 2333 impertiendo
576 2300 807 2329 misericordiam,
818 2295 903 2325 sicut
919 2295 1039 2325 dicitur
1054 2294 1227 2324 obdurasse
1243 2305 1297 2324 cor
1309 2294 1494 2327 Pharaonis,
1513 2293 1545 2324 id
1560 2297 1610 2324 est
1627 2293 1696 2331 per⁷
1713 2305 1773 2330 gra-
1789 2287 1940 2338 ΧΕὲ-Ῑξξῗῗρ,

128 2352 200 2378 tiam
220 2360 277 2377 non
295 2352 462 2381 emollisse.
481 2353 515 2380 et
534 2349 704 2380 tradidisse
725 2349 885 2389 quosdam
906 2352 934 2376 in
954 2351 1106 2384 reprobum
1125 2359 1248 2380 sensum,
1268 2347 1301 2378 id
1320 2351 1370 2377 est
1388 2359 1423 2376 ex
1442 2350 1628 2376 retributione
1647 2350 1772 2375 institiae
1788 2354 1911 2377 vinnom.
1921 2355 1939 2377 1,
1948 2354 1982 2374 es.

130 2414 179 2439 per
192 2405 314 2438 gratiam
329 2415 386 2431 non
400 2406 547 2432 liberasse
568 2414 587 2433 a
603 2402 737 2444 reprobo
752 2413 858 2432 sensu.
880 2401 924 2431 Et
941 2400 1045 2432 multa
1059 2400 1122 2432 alia
1136 2400 1195 2431 hoc
1210 2411 1322 2440 genere
1338 2399 1511 2431 locutionis
1525 2400 1612 2430 dicta
1627 2399 1659 2430 in
1675 2400 1771 2439 scrip-

128 2455 212 2485 turis
232 2455 463 2486 inveniuntur.

212 2574 235 2595 “1
258 2566 413 2600 Uberqesfflr.
437 2571 467 2594 B.

224 2660 248 2689 l)
272 2659 396 2691 Prosper.
427 2659 617 2692 responsiones
644 2659 679 2683 ml
708 2658 828 2690 capitula.
855 2657 991 2681 obieetion.
1019 2656 1199 2683 sine-entiam..
1229 2656 1323 2688 Miynv
1351 2657 1395 2683 51,
1419 2656 1478 2681 179.
1606 2656 1632 2686 2)
1654 2654 1770 2679 Ebemltl-

130 2703 157 2733 3)
181 2702 257 2734 Brief
280 2703 347 2728 Laos
370 2703 395 2728 I.
420 2712 456 2728 an
484 2703 586 2728 Kniser
609 2703 670 2731 Leo,
694 2701 847 2727 Hiuscha'us
869 2701 898 2726 S.
912 2700 964 2725 585
990 2700 1086 2732 (ιλ-Κ.
1100 2700 1178 2733 542).
1292 2702 1319 2731 4)
1343 2700 1466 2732 Prosper.
1491 2708 1609 2732 respons.
1633 2699 1668 2723 «d
1690 2698 1770 2730 capit.

128 2746 265 2771 obiection.
281 2747 392 2774 Gallor..
411 2748 509 2779 illique
527 2748 571 2775 51.
589 2747 655 2776 169,·
680 2755 700 2770 s.
718 2746 784 2771 auch
803 2744 949 2773 Hinkmar,
967 2745 1007 2769 De
1023 2744 1184 2777 praedestin.
1201 2753 1222 2770 c.
1236 2744 1279 2771 10.
1297 2744 1392 2776 Miqne
1408 2744 1469 2771 125,
1487 2744 1539 2768 107
1555 2752 1580 2768 u.
1594 2745 1627 2770 ὁ..
1646 2743 1691 2766 mit
1707 2742 1769 2766 tlen-

127 2790 215 2817 selben
228 2791 362 2816 Lesarten.
459 2793 490 2822 5)
510 2792 540 2816 S.
558 2791 646 2823 voriqe
663 2791 697 2815 A.
792 2791 818 2820 ὅ)
838 2789 892 2820 1⁷91.
906 2789 1052 2820 Auquslin.
1069 2788 1145 2821 epist.
1161 2788 1221 2815 194.
1239 2788 1318 2821 Ου’-Ρ.
1336 2787 1445 2813 Vindob.
1460 2789 1503 2815 57,
1517 2787 1576 2812 187.
1671 2788 1697 2817 7)
1714 2786 1767 2816 1³91.

130 2834 276 2862 Hinkmar.
295 2835 333 2860 De
351 2836 514 2868 praedestin.
535 2844 555 2860 c.
570 2835 613 2863 10,
632 2835 726 2866 Missae
744 2834 803 2860 125.
822 2833 881 2858 106.
