2220 3192
713 249 899 276 HINKMAR
919 251 996 277 VON
1016 251 1135 278 R-EIMS
1157 252 1215 278 199.
1718 251 1776 279 221

142 338 293 372 pravitatis
314 337 425 364 alienus
447 341 500 369 est,
523 339 560 373 ab
580 340 741 374 episcopali,
764 349 849 374 quam
871 343 1070 376 quoquomodo
1092 344 1213 378 adeptus
1233 347 1285 375 est,
1313 353 1370 370 non
1391 345 1550 379 repellimus
1570 344 1718 378 dignitate,
1749 347 1780 371 et
1805 345 1876 374 867.

142 391 308 418 Anastasius
325 390 455 416 eiusdem
474 392 646 425 apostolicae
664 393 737 418 sedis
756 395 875 427 praesul,
894 395 970 428 quod
989 396 1055 422 mali
1074 396 1147 423 bona
1166 397 1352 424 ministrando
1370 397 1422 423 sibi
1440 398 1641 424 tantummodo
1658 400 1779 424 noceant

142 453 192 471 nec
215 443 366 470 ecclesiae&
388 447 571 471 sacramenta
594 447 828 477 eommaeulenth‚
852 447 889 473 ad
909 448 1091 475 Anastasium
1114 450 1268 484 principem
1290 450 1413 477 scribens
1436 451 1647 477 evidentissima
1670 451 1778 477 ratione

141 497 328 524 demonstrat.
355 495 405 522 Cui
423 505 492 523 sane
508 497 554 531 pio
573 499 675 529 sensui,
691 499 763 525 sicut
780 501 810 525 in
826 509 924 526 eorum
940 501 1059 527 decretis
1077 511 1141 528 cum
1158 503 1354 529 additamento
1373 503 1567 530 conditionum
1583 504 1710 538 legimus,
1728 500 1779 529 utl

109 559 121 578 5
142 547 224 579 alter
248 550 374 576 libellum
399 549 464 575 fidei
490 547 557 577 sedi
574 547 769 588 apostolicae
787 552 912 586 dirigat,
929 550 1062 581 alterius
1079 561 1165 588 vero,
1180 552 1261 593 quin
1278 552 1366 582 reae2
1389 556 1443 582 sibi
1459 559 1575 584 tantum
1593 557 1625 584 et
1642 565 1699 584 non
1717 557 1779 583 aliis

142 612 282 638 personae
296 603 445 629 nocentis
460 611 564 628 nomen
573 599 587 619 ³
601 604 759 637 specialiter
773 601 807 632 in
816 602 947 634 ecclesia
962 609 1099 638 taceatur,
1110 608 1191 634 iuxta
1201 609 1343 642 quendam
1354 609 1470 635 modum
1480 618 1537 635 non
1550 611 1780 636 inconvenienter

143 657 270 691 coaptari
289 664 370 690 posse
389 655 514 686 videtur,
535 656 611 689 quod
631 657 805 690 Augustinus
823 659 944 692 scripsit,
963 659 998 685 de
1017 660 1095 686 cuius
1113 669 1195 687 sensu
1214 670 1246 688 ac
1265 661 1357 688 verbis
1376 662 1541 688 Anastasius
1560 671 1635 696 papa
1652 663 1682 688 in
1700 671 1778 696 prae-

142 711 203 736 fata
217 709 338 744 epistola
354 709 419 736 hinc
435 709 578 742 quaedam
593 709 761 744 adsumpsit.
791 710 819 737 Si
835 719 920 745 quem
934 712 1016 743 forte,
1032 713 1150 746 inquito,
1166 715 1287 747 coegerit
1301 717 1428 741 extrema
1443 716 1602 746 necessitas,
1618 716 1667 741 ubi
1683 716 1778 742 catho-

142 763 228 790 licum
245 771 295 797 per
312 771 397 796 quem
415 763 538 796 accipiat
555 771 613 788 non
630 763 771 789 invenerit
794 766 823 789 et
845 765 874 790 in
891 765 986 791 animo
1004 766 1120 799 pacem*¹
1139 767 1307 793 catholicam
1324 768 1474 798 custodiat,
1493 777 1542 802 per
1559 768 1682 802 aliquem
1698 771 1780 794 extra

93 825 121 844 10
143 817 285 843 unitatem
299 815 470 842 catholicam
485 816 612 849 positum
627 817 775 850 acceperit,
792 817 868 850 quod
882 820 944 844 erat
956 818 987 843 in
1000 819 1061 852 ipsa
1076 819 1215 845 catholica
1229 821 1339 846 unitate
1353 823 1528 854 accepturus,
1543 822 1565 846 si
1580 822 1679 848 statim
1692 822 1779 848 etiam

140 869 176 895 de
195 870 248 895 hac
268 869 329 895 vita
348 869 541 903 emigraverit.
562 877 619 895 non
638 873 721 895 eun]e
742 870 812 895 nisie
827 871 999 897 catholicum
1017 871 1198 905 deputamus.
1231 872 1259 898 Si
1278 875 1375 899 autem
1393 874 1479 899 fuerit
1497 884 1514 900 a
1533 875 1669 908 corporali
1690 877 1779 900 morte

140 923 285 953 liberatus,
311 930 375 948 cum
399 921 558 948 catholicae
583 923 793 956 congregationi
816 923 905 949 etiam
928 925 1089 957 praesentia
1113 925 1249 958 corporali
1273 926 1395 956 redierit,
1420 927 1494 952 unde
1517 935 1673 960 numquam
1697 927 1780 953 corde

140 976 316 1006 discesserat,
339 983 396 1001 non
418 975 511 1001 solum
533 983 591 1001 non
613 975 808 1009 improbamus
830 976 905 1009 quod
928 977 1005 1007 fecit,
1028 977 1076 1002 sed
1098 978 1186 1003 etiam
1207 979 1380 1004 securissime
1402 980 1600 1013 verissimeque
1621 980 1779 1007 laudamus,

142 1030 209 1063 quia
228 1031 407 1063 praesentem
426 1029 520 1054 Deum
540 1028 664 1054 credidit
684 1027 775 1055 cordi¹
794 1037 854 1059 suo,
873 1029 922 1055 ubi
942 1031 1084 1056 unitatem
1101 1030 1243 1056 servabat.

92 1090 118 1108 15
232 1082 385 1115 Exemplar
400 1081 523 1115 denique
540 1081 678 1115 privilegii
693 1084 809 1108 sanctae
828 1083 978 1108 memoriae
995 1083 1141 1109 Benedicti
1157 1084 1216 1109 sine
1233 1083 1289 1109 ulla
1306 1085 1485 1110 mutilatione
1501 1085 1545 1110 vel
1561 1085 1717 1111 adiectione
1732 1093 1781 1111 seu

140 1136 340 1162 immutatione
365 1143 415 1169 per
438 1135 629 1161 venerabilem
652 1135 770 1161 fratrem
794 1138 823 1161 et
847 1136 1045 1169 coepiscopum
1068 1139 1200 1163 nostrum
1224 1136 1374 1163 Hodonem
1398 1138 1591 1164 sanctissimae
1614 1139 1780 1171 paternitati

140 1191 251 1214 vestrae
270 1189 422 1215 transmisi.
454 1188 495 1214 De
515 1197 571 1221 quo
590 1191 620 1214 et
638 1188 666 1213 in
685 1188 806 1222 epistola
824 1198 841 1214 a
860 1197 904 1214 me
924 1197 972 1222 per
989 1189 1068 1215 illum
1087 1189 1167 1215 vobis
1184 1189 1310 1216 directa&
1327 1191 1400 1215 inter
1418 1190 1482 1220 alia,
1501 1191 1524 1215 si
1543 1191 1643 1224 placet,
1663 1192 1781 1224 potestis

141 1242 269 1276 relegere,
292 1241 340 1268 ubi
362 1242 501 1275 scriptum
524 1241 657 1267 habetur:

231 1303 614 1337 Mitterem—subscripsit,
652 1299 687 1331 S.
706 1299 782 1331 oben
801 1299 836 1330 S.
851 1300 912 1331 121
921 1300 942 1338 f.
964 1300 1021 1331 ΝΥ,
1038 1300 1107 1331 159.

90 1374 116 1392 20
230 1366 308 1392 Haec
325 1368 393 1391 sunt
412 1365 501 1391 verba
519 1373 582 1391 mea
599 1366 629 1390 in
645 1365 765 1398 epistola
781 1368 896 1391 sanctae
914 1366 1080 1398 paternitati
1098 1368 1208 1391 vestrae
1224 1366 1339 1392 directa.
1369 1366 1452 1397 Nam,
1471 1367 1493 1391 si
1510 1366 1575 1391 inde
1592 1366 1667 1399 quod
1684 1366 1722 1392 ibi
1739 1369 1782 1392 est

140 1419 265 1453 positum
283 1415 320 1444 ‘si
340 1419 382 1445 ita
401 1415 455 1444 est’
477 1419 635 1449 erasissem,
654 1418 794 1452 superflue
815 1418 890 1452 quod
912 1418 1071 1452 quiddamh
1091 1418 1129 1444 ibi
1149 1419 1202 1444 sub
1223 1419 1347 1452 quadam
1366 1419 1544 1445 dubitatione
1564 1422 1637 1445 esset
1658 1420 1782 1453 positum

140 1472 298 1498 scriberem.
327 1472 365 1498 Et
381 1472 405 1497 si
421 1471 530 1505 aliquid
547 1471 588 1497 ibi
604 1471 749 1501 adderem,
768 1474 908 1497 mutarem
924 1472 968 1497 vel
983 1471 1137 1502 demerem,
1153 1475 1186 1498 ut
1201 1473 1231 1497 in
1246 1473 1348 1498 scrinio
1363 1475 1478 1498 sanctae
1487 1472 1633 1499 Romanae
1649 1472 1782 1499 ecclesiae

140 1525 287 1559 exemplar
306 1525 381 1551 illius
403 1526 584 1559 requireretis
603 1528 642 1556 et,
662 1528 759 1551 utrum
779 1526 821 1550 ita
840 1534 869 1550 se
889 1524 1014 1555 haberet,
1030 1526 1226 1558 agnosceretis,
1241 1526 1360 1551 scribere
1380 1534 1436 1551 non
1455 1521 1611 1551 auderemi.
1642 1525 1781 1557 Ceterum,

140 1580 163 1605 si
183 1587 363 1612 quocumque
386 1578 469 1604 modo
490 1587 670 1612 quacumque
690 1579 836 1604 occasione
856 1587 873 1603 a
893 1587 1072 1612 quocumque
1092 1578 1174 1604 aliter
1193 1578 1229 1604 ad
1250 1588 1300 1604 vos
1319 1578 1445 1604 delatum
1464 1579 1528 1609 fuit,
1548 1582 1645 1605 tamen
1664 1587 1714 1612 ego
1735 1587 1784 1612 per

91 1638 118 1657 25
141 1632 303 1666 praefatum
321 1632 513 1658 venerabilem
532 1633 732 1665 coepiscopum
751 1635 890 1661 nostrum,
909 1632 983 1657 sicut
1001 1640 1030 1657 se
1050 1631 1145 1661 habet,
1164 1631 1308 1665 exemplar
1326 1632 1412 1665 ipsius
1432 1632 1567 1665 privilegii
1586 1632 1666 1657 vobis
1684 1632 1781 1657 direxi.

146 1685 252 1717 Quodsi
267 1685 348 1711 vobis
363 1694 420 1711 non
434 1685 521 1711 fuerit
536 1685 645 1711 tedium
659 1687 802 1711 reservato
816 1685 845 1710 in
862 1685 991 1710 Romano
1005 1685 1106 1711 scrinio
1120 1685 1199 1714 illud,
1220 1685 1295 1718 quod
1310 1693 1358 1719 per
1371 1693 1437 1710 eum
1452 1685 1523 1713 misi.
1538 1685 1671 1715 conferre,
1686 1693 1783 1710 verum

140 1733 322 1765 invenietisk.
352 1738 408 1764 Sed
424 1742 454 1764 et
470 1738 551 1764 illum
567 1739 660 1772 ipsum
677 1737 833 1772 privilegii¹
850 1738 991 1768 thomum,
1008 1741 1037 1764 et
1054 1746 1110 1764 non
1126 1738 1279 1771 exemplar,
1296 1738 1404 1771 synodo
1422 1741 1516 1764 vestra
1533 1738 1703 1764 auctoritate
1720 1745 1783 1763 con-

140 1795 272 1826 gregatae
293 1801 358 1818 eum
380 1791 527 1825 privilegio
547 1795 659 1818 vestrae
679 1790 841 1818 sanctitatis
861 1791 973 1817 ostendi
992 1794 1022 1816 et
1041 1792 1219 1824 incorruptas
1238 1792 1392 1824 scripturas
1412 1794 1498 1824 atque
1518 1791 1608 1824 sigilla
1629 1791 1784 1816 monstravi

140 1849 170 1871 et
182 1854 218 1871 ex
230 1846 340 1879 integro
355 1854 452 1871 coram
466 1845 523 1871 filio
538 1848 632 1871 vestro
643 1845 749 1871 domno
764 1853 826 1878 rege
836 1844 941 1870 Karolo
955 1844 1137 1870 audientibus
1147 1844 1278 1870 omnibus
1291 1844 1429 1877 episcopis
1442 1846 1471 1869 et
1485 1844 1532 1877 qui
1541 1844 1564 1859 ¹¹¹
1577 1844 1686 1877 synodo
1699 1844 1783 1869 inter-

93 1904 119 1923 30
143 1899 259 1924 fuerunt
275 1898 359 1931 relegi
377 1899 439 1925 feci-
470 1898 552 1924 Unde
570 1899 600 1924 in
616 1898 737 1932 epistola
754 1898 856 1931 synodi
874 1901 985 1924 vestrae
1003 1898 1167 1924 auctoritati
1185 1897 1293 1923 directa
1309 1897 1447 1930 scriptum
1464 1898 1538 1922 inter
1555 1899 1647 1923 cetera
1664 1896 1785 1922 habetur

141 1952 178 1978 ad
192 1951 299 1978 locum:
315 1952 350 1977 In
364 1952 422 1978 suis
432 1951 579 1978 ordinibus
590 1953 737 1978 restituere
749 1954 955 1977 maturaremus
968 1966 1007 1969 —
1021 1951 1089 1983 quin
1098 1950 1257 1984 praedictos
1271 1950 1372 1976 fratres
1381 1965 1428 1979 -—,
1439 1950 1491 1975 nisi
1506 1949 1656 1983 privilegiis
1670 1951 1784 1975 sanctae

143 2006 290 2032 Romanae
308 2005 382 2031 sedis
400 2013 450 2039 per
466 2005 653 2031 reverendum
671 2005 842 2031 confratrem
860 2007 989 2030 nostrum
1007 2003 1193 2029 Hincmarum
1215 2003 1455 2037 archiepiscopum
1472 2005 1585 2028 nostrae
1602 2002 1785 2028 unanimitati

142 2059 270 2092 prolati&
289 2066 361 2091 quae
379 2058 414 2084 de
431 2059 499 2092 ipsis
513 2059 581 2084 viris
596 2058 737 2091 quaedam
754 2060 927 2087 statuerunt,
944 2057 1043 2082 debita
1059 2057 1216 2082 reverentia
1233 2056 1419 2082 exhiberetur.
1443 2055 1569 2087 Quorum
1586 2063 1706 2085 Summa,
1725 2063 1783 2088 per-

142 2112 218 2138 fecta
232 2114 261 2137 et
275 2112 386 2145 integra
400 2111 522 2138 firmitas
530 2111 554 2141 ¹³,
570 2114 603 2137 ut
617 2112 704 2138 claret
718 2114 747 2137 et
760 2112 869 2137 iustum
882 2113 934 2139 est,
944 2111 974 2135 in
987 2109 1159 2143 apostolicae
1173 2109 1246 2135 sedis
1260 2112 1403 2135 reservata
1416 2111 1480 2134 est⁰
1493 2108 1610 2134 arbitrio
1625 2108 1783 2142 potestatis.

92 2175 120 2193 35
148 2165 229 2196 Quod
248 2164 375 2198 synodus
393 2161 623 2202 episcoporum
644 2165 725 2191 vobis
744 2173 800 2190 non
819 2164 961 2193 scriberet,
981 2163 1004 2188 si
1022 2163 1132 2196 integra
1151 2162 1296 2196 privilegia
1314 2163 1353 2188 eis
1373 2170 1428 2188 non
1446 2161 1641 2187 ostendissem.

231 2218 273 2243 De
288 2227 330 2249 eo,
347 2218 424 2251 quod
440 2218 643 2251 benignissima
657 2220 687 2243 et
701 2217 880 2244 sanctissima
895 2216 1052 2250 paternitas
1068 2218 1162 2241 vestra
1178 2215 1246 2240 mihi
1261 2218 1305 2241 est
1319 2215 1436 2248 dignata
1451 2214 1579 2245 scribere,
1594 2211 1679 2241 sicut
1695 2219 1784 2250 prae-

143 2267 215 2298 misi
235 2271 268 2298 et
288 2268 323 2298 in
342 2272 451 2298 vestra
472 2268 651 2299 sanctitate
672 2278 707 2298 ac
731 2266 876 2308 piissima
898 2265 1097 2307 paternitate
1117 2264 1256 2302 confido,
1278 2270 1310 2294 ut
1330 2276 1387 2294 non
1407 2267 1558 2294 arbitrarer
1577 2267 1614 2293 ad
1633 2266 1784 2292 discrimen

141 2323 289 2357 quodlibet
305 2333 377 2358 quac
395 2324 464 2351 mihi
481 2325 620 2351 mandata
635 2327 702 2350 sunt
717 2331 910 2357 exaggerasse,
926 2331 990 2348 cum
1007 2320 1122 2347 meliora
1136 2329 1196 2347 esse
1212 2321 1329 2347 vulnera
1343 2320 1485 2354 diligentis
1501 2329 1587 2353 quam
1602 2319 1783 2346 fraudulenta
1799 2322 1847 2347 Vgl.
1860 2322 1995 2345 From-220.

141 2377 263 2403 odientis
283 2378 379 2404 oscula
399 2386 459 2404 esse
480 2387 538 2404 non
559 2378 693 2405 nesciam,
714 2377 763 2402 sed
783 2385 818 2402 ne
839 2376 909 2402 adeo
929 2376 958 2400 in
979 2374 1189 2408 privilegiorum
1211 2383 1337 2400 meorum
1357 2374 1549 2400 defensionem
1569 2373 1614 2399 vel
1633 2373 1786 2398 elationem

90 2440 117 2459 40
139 2431 378 2457 immoderatiusv
410 2432 510 2465 erigar,
548 2434 580 2457 ut
608 2430 779 2464 apostolicae
807 2429 879 2454 sedis
906 2429 968 2454 iura
995 2427 1195 2461 quoquomodo
1223 2430 1327 2453 temere
1354 2427 1479 2460 tetigisse
1505 2426 1612 2455 videar,
1650 2425 1787 2451 veraciter

225 2536 248 2563 ³)
267 2534 356 2564 eclesie
376 2534 405 2558 0.
512 2533 536 2563 b)
556 2533 736 2557 conmaculent
756 2532 784 2555 Ο.
880 2534 903 2561 ⁰)
921 2530 987 2554 Verb.
1006 2539 1052 2554 ans
1072 2531 1162 2561 inquid
1180 2530 1209 2554 Ο.
1305 2528 1330 2559 (1)
1348 2537 1411 2561 pace
1432 2529 1462 2552 Β.
1559 2531 1582 2558 e)
1599 2525 1728 2562 eumilnisi
1750 2527 1780 2550 Β,

143 2576 162 2606 ¹)
180 2577 246 2601 Verb.
265 2585 312 2602 aus
330 2578 407 2602 corde
427 2578 457 2602 C.
559 2581 582 2607 Β)
601 2577 649 2601 Von
667 2577 770 2600 anderer
787 2575 865 2599 Hand
888 2574 1037 2606 fiberqeschr.
1055 2574 1084 2598 C.
1179 2573 1203 2604 ιἋ)
1222 2574 1305 2597 Ersles
1322 2573 1339 2598 d
1355 2572 1504 2603 'uberqeschn
1521 2573 1550 2596 0.
1644 2569 1663 2601 ¹)
1683 2570 1787 2595 Danachs

142 2624 155 2646 1
175 2622 275 2645 Buchst.
292 2622 346 2646 rad.
364 2622 393 2646 0.
482 2621 509 2652 k)
531 2623 591 2646 Ras.
615 2620 730 2645 zwischmz
757 2621 763 2643 i
787 2620 840 2643 und
864 2627 877 2643 e
900 2619 929 2643 C.
1015 2617 1034 2648 l)
1052 2618 1213 2649 privilegium
1237 2618 1266 2642 C.
1351 2619 1383 2647 ¹¹¹)
1402 2616 1506 2641 szach
1530 2618 1541 2640 1
1567 2615 1666 2639 thchst.
1688 2615 1741 2639 rad.
1757 2615 1786 2638 C.

143 2668 168 2694 ¹¹)
185 2665 262 2689 firmi·
279 2666 325 2696 aus
343 2666 406 2690 Rae.
425 2666 454 2690 C.
540 2670 565 2696 ⁰)
584 2674 596 2689 s
611 2666 657 2696 auf
674 2666 734 2688 Ras.
751 2664 780 2687 G.
865 2666 889 2693 D)
907 2663 1095 2687 inmoderatius
1110 2662 1139 2686 C.

93 2758 121 2777 45
237 2755 262 2785 1)
288 2753 343 2786 Γρῖ.
368 2753 420 2779 Leo
437 2754 464 2779 I.
491 2762 528 2779 an
561 2754 603 2779 'lie
627 2751 827 2785 afrili-anisckeu
855 2750 987 2782 Bischose.
1011 2749 1163 2775 Hiuschius
1190 2749 1285 2774 &625
1307 2749 1358 2774 c.2
1382 2748 1478 2780 (J.-K.
1493 2747 1570 2779 410).
1683 2747 1710 2777 2)
1730 2745 1785 2777 Vyl.

140 2798 310 2823 Anastasius
327 2798 369 2823 ΙΙ.
393 2807 432 2823 an
450 2798 555 2824 Kaisar
569 2797 736 2824 Anastasius
758 2804 778 2821 c.
792 2795 817 2822 8.
843 2794 920 2820 Thiel
940 2794 964 2821 I.
983 2793 1078 2825 622j.,·
1096 2793 1248 2818 Hinschius
1266 2793 1294 2818 S.
1307 2793 1360 2818 656
1379 2792 1476 2825 (J.-K.
1492 2791 1568 2823 744).
1680 2790 1707 2821 3)
1732 2789 1786 2821 1791.

140 2841 237 2867 ebenda
257 2850 277 2867 c.
291 2842 316 2869 3,
339 2842 419 2867 Thiel
438 2842 464 2869 Ι.
485 2842 552 2871 617,·
573 2841 725 2867 Hine-emus
743 2840 771 2865 S.
785 2840 845 2864 655.
