2220 3192
350 299 422 327 860.

272 340 354 361 Matth.
366 341 401 364 ιε),
412 341 432 359 c.

270 1005 291 1023 1.
302 1003 351 1023 Cor.
367 1002 386 1025 7,
398 1002 432 1021 39.

243 2061 292 2085 Vgl.
301 2062 439 2085 Apoc.i4‚4.

454 218 494 247 98
1021 211 1206 239 HINKMAR
1226 210 1303 237 VON
1325 208 1443 235 REIMS
1466 209 1525 235 136.

449 313 574 345 iungitur
602 311 700 337 mulier
720 310 794 337 vir03
821 310 862 333 ot:
890 303 990 336 ‘Quod
1005 305 1081 330 Deus
1104 303 1204 336 iunxit*
1217 302 1302 328 homo
1321 309 1378 327 non
1397 297 1530 334 separet’,
1547 297 1574 328 si
1595 296 1713 327 reversi
1726 295 1780 327 vel
1793 299 1929 337 captae*¹
1944 306 2089 328 reversae

450 363 570 393 luerint
584 360 746 399 coniugeS,
764 360 891 393 legitima
907 357 1020 384 foedera
1039 356 1205 389 nuptiarum
1219 353 1439 387 redintegranda
1454 349 1635 390 perdocuit.
1655 348 1733 378 Necl
1748 355 1847 378 tamen
1861 354 2012 386 tamquam
2026 360 2090 386 per-

448 425 586 444 vasorem
604 420 805 451 quemquam
825 410 971 440 iudicari,
995 409 1043 442 qui
1066 402 1233 442 personamb
1254 407 1314 432 eius
1337 406 1433 432 mariti
1455 401 1509 433 vel
1533 402 1655 439 uxoris,
1682 405 1729 439 qui
1753 401 1806 432 vel
1828 412 1912 442 quae
1937 405 2009 432 iam⁰
2032 414 2089 431 non

447 466 694 496 aestimabaturd,
711 464 884 497 adsumpsit;
901 459 955 490 sed
971 456 1357 495 inculpabile²iudicandum
1373 458 1449 492 quod
1463 459 1617 485 necessitas
1631 458 1730 484 intulit
1745 460 1774 484 et
1789 457 1998 484 restituendum
2014 459 2090 492 quod

447 522 515 547 fides
531 519 668 553 poposcit.
692 512 842 544 Mulieres³
863 518 960 541 autem
977 510 1029 542 vel
1047 511 1134 541 viros
1155 513 1345 546 posteriorum
1367 512 1494 539 virorum
1512 507 1566 539 vel
1583 518 1726 539 uxorum
1745 506 1960 539 delectatione
1981 514 2089 545 captos

447 575 479 602 et
495 570 536 601 ad
558 569 704 609 priorum
721 567 900 606 coniugum
918 574 1065 596 amorem
1084 563 1187 594 redire
1208 562 1356 593 nolentes
1376 564 1596 591 communionee
1614 564 1756 598 privarie
1773 560 1918 592 decrevit
1929 563 1950 592 ¹.

534 622 597 653 Etg
616 620 693 661 quia
715 618 965 650 ecclesiasticaeh
980 616 1109 657 regulae
1128 616 1168 647 de
1187 615 1238 647 his
1258 615 1361 646 etiam
1379 614 1588 645 diffinitionis
1609 614 1809 645 sententiam
1830 614 2012 655 proferunt,
2033 615 2092 656 qui

447 673 697 717 sponsaliorum¹
714 671 813 703 fidem
829 671 1025 711 infringunt,
1041 669 1172 700 videtur
1189 667 1283 699 nobis
1298 678 1365 699 non
1381 667 1565 699 secundum
1579 667 1814 699 auctoritatem
1829 667 2019 708 promendo,
2038 668 2093 699 sed

445 726 630 763 consilium,
650 726 694 756 sik
714 725 797 755 forte
815 721 873 755 ita¹
887 723 993 754 vobis¹
1008 722 1119 753 visum
1135 722 1262 757 fueritk,
1281 721 1401 758 dando,
1421 724 1471 758 ut,
1489 720 1567 761 quia
1587 719 1785 762 Stephanus,
1806 720 1833 751 si
1851 719 2093 762 sponsaliorum

447 781 545 812 fidem
569 778 725 819 fregisset,
751 777 933 808 secundum
957 775 1060 817 legem
1083 774 1214 806 civilem
1235 774 1378 806 multam
1401 773 1580 806 eorundem
1603 772 1845 814 sponsaliorum
1869 773 2094 804 iudicaretur¹11

445 842 638 874 componere
648 831 670 865 4,
689 835 722 862 et
739 831 810 872 ipsa
829 829 938 871 puella
956 832 1030 870 post
1040 827 1265 869 desponsalia11
1281 827 1394 859 dotem
1409 830 1592 868 acceptam,
1609 836 1713 867 quam
1728 827 1769 858 de
1787 837 1819 858 se
1836 827 1919 868 ipsa,
1938 826 1965 858 si
1980 837 2093 859 carna-

447 887 519 918 liter
536 886 747 925 iungerentur
760 890 783 917 ⁰,
810 882 944 915 mercari
967 881 1135 918 debuerat,
1154 885 1192 912 ut
1209 880 1348 912 eandem
1363 880 1476 912 dotem
1491 879 1608 911 habere
1625 890 1692 910 non
1707 879 1835 917 debeat,
1854 890 1920 911 non
1937 879 2020 921 ipsa,
2039 880 2094 912 sed

447 939 644 980 Stephanusi,
667 940 705 968 ut
725 937 867 973 videtur,
889 935 1068 972 commisit,
1089 933 1208 965 habeat
1230 933 1319 965 locor
1343 933 1467 965 multae
1489 932 1731 974 sponsaliorum
1751 932 1863 964 dotem
1883 944 1902 964 a
1925 931 2093 974 Stephano

448 993 508 1024 sibi
527 992 642 1023 datam
662 994 695 1022 et
714 1001 792 1021 cum
812 989 927 1020 eadem
946 988 1021 1019 dote
1043 987 1131 1029 patri
1150 987 1346 1019 restituatur
1366 990 1398 1018 et
1418 986 1547 1017 ‘nubat'
1569 989 1747 1027 parentum
1766 985 1900 1017 consilio
1921 985 1987 1017 ‘cui
2007 985 2092 1024 vult,

445 1049 582 1077 tantum
603 1044 637 1075 in
657 1043 825 1079 Domino',
848 1042 955 1082 sitque
977 1052 1043 1082 pax
1065 1040 1151 1072 inter
1172 1044 1325 1082 parentes
1346 1040 1416 1071 eius
1436 1043 1470 1071 et
1492 1039 1710 1080 Stephanum.

535 1098 597 1128 th
613 1104 623 1118 r
645 1107 684 1128 ne
705 1097 779 1137 quis
798 1098 912 1136 argute
932 1095 994 1131 his,
1015 1105 1099 1135 quae
1120 1094 1302 1135 posuimus,
1323 1093 1436 1124 volens
1456 1093 1602 1124 resistere
1622 1092 1726 1123 dicat:
1746 1091 1795 1123 ‘Si
1814 1092 1872 1123 dos
1894 1092 2040 1123 manebit
2060 1096 2094 1124 et

446 1149 650 1192 desponsalia
671 1153 771 1190 atque
792 1148 988 1179 celebrataes
1011 1147 1148 1188 nuptiae
1170 1157 1236 1178 non
1259 1149 1432 1187 negantur,
1454 1145 1634 1187 quomodot
1662 1156 1729 1176 esse
1751 1145 1884 1186 poterit,
1908 1148 1946 1176 ut
1968 1148 2001 1176 et
2023 1144 2094 1177 Ste-

448 1205 577 1247 phanus
596 1203 734 1235 maritus
751 1205 784 1233 et
803 1201 857 1232 illa
877 1211 959 1232 uxor
977 1211 1043 1231 non
1065 1200 1243 1231 maneant?
1262 1200 1331 1231 Aut
1348 1199 1513 1241 quomodo
1532 1198 1585 1230 ille
1602 1198 1697 1229 alteri
1716 1198 1857 1230 feminae
1875 1201 1908 1229 et
1927 1197 1982 1229 illa
2000 1198 2096 1230 alteri

446 1258 515 1289 viro
539 1268 570 1288 se
594 1257 661 1287 sine
683 1255 843 1286 adulterio
865 1254 1060 1294 coniungere
1084 1253 1263 1295 poterunt?
1289 1253 1485 1284 Praesertim
1506 1263 1584 1283 cum
1606 1252 1712 1283 idemu
1734 1255 1869 1283 sanctus
1888 1252 2096 1293 Augustinus

447 1311 481 1342 in
496 1310 643 1352 praefato
658 1308 738 1340 libro
751 1309 791 1339 de
804 1308 888 1338 bono
902 1307 1065 1348 eoniugiiv
1077 1307 1165 1338 dieat
1174 1306 1200 1336 5:
1219 1309 1247 1335 Si
1261 1309 1312 1335 fiat
1326 1309 1467 1336 ordinatio
1482 1309 1547 1335 cleri
1561 1308 1597 1335 ad
1612 1308 1723 1342 plebem
1737 1308 1973 1342 congregandam,
1984 1309 2097 1334 etiamsi

448 1367 537 1401 plebis
557 1365 737 1399 congregatio
756 1373 812 1390 non
833 1364 1033 1398 subsequatur,
1055 1366 1152 1390 manet
1171 1366 1269 1389 tamen
1288 1363 1317 1388 in
1336 1362 1390 1388 illis
1409 1362 1548 1389 ordinatis
1567 1365 1780 1389 sacramentum
1798 1361 1994 1388 ordinationis.
2016 1361 2054 1387 Et
2073 1362 2096 1388 si

448 1420 543 1453 aliqua
557 1420 639 1453 culpa
653 1419 803 1452 quisquam
817 1417 853 1444 ab
866 1417 982 1443 officiow
995 1420 1185 1447 removeatur,
1199 1418 1378 1442 sacramento
1389 1415 1504 1442 Domini
1517 1415 1604 1441 semel
1615 1415 1750 1448 imposito
1763 1423 1820 1441 non
1834 1414 1951 1446 carebit,
1966 1415 2096 1449 quamvis

448 1473 485 1500 ad
504 1472 641 1498 iudicium
662 1474 855 1506 permanente,
877 1468 921 1498 sic
942 1470 975 1498 et
996 1467 1031 1497 in
1052 1466 1123 1497 istis
1142 1466 1406 1507 desponsatione,
1433 1465 1602 1496 dotatione
1623 1468 1656 1496 et
1677 1464 1805 1506 nuptiis
1825 1464 2096 1506 permanentibus

448 1522 616 1563 coniugale
632 1520 805 1552 vinculum
822 1519 1028 1562 permanebit
1045 1523 1078 1550 et
1094 1518 1190 1550 alteri
1206 1529 1303 1550 nemo
1320 1529 1444 1555 eorum,
1464 1518 1545 1549 nisi¹
1561 1517 1737 1549 cuiuslibet
1753 1528 1794 1549 ex
1811 1517 1857 1549 eis
1875 1521 1979 1549 morte
1996 1518 2095 1549 inter-

448 1576 593 1612 cedente,
613 1575 680 1606 sine
697 1574 857 1605 adulterio
877 1584 908 1604 se
927 1572 1051 1615 poterit
1069 1571 1229 1614 iungere':
1253 1572 1379 1609 audiat,
1398 1571 1424 1603 si
1441 1571 1516 1612 quis
1532 1571 1630 1602 haecv
1648 1571 1747 1602 fuerit
1763 1574 1903 1602 conatus
1920 1581 2096 1612 opponere,

449 1629 526 1670 quia
536 1631 547 1646 r
562 1628 620 1659 dez
635 1627 786 1658 dotalicio
805 1626 932 1668 puellae
948 1626 1097 1658 habendo
1116 1625 1246 1656 nonnisi
1264 1628 1398 1667 propter
1414 1624 1678 1666 pacificationem
1695 1627 1873 1665 parentum
1889 1623 1959 1654 eius
1975 1627 2008 1654 et
2026 1623 2097 1655 Ste-

450 1682 551 1723 phani
569 1680 637 1712 loco
658 1680 780 1712 multae
799 1681 979 1711 fractorum
996 1678 1237 1721 sponsaliorum
1253 1678 1411 1709 diximus.
1437 1678 1546 1715 Quam
1565 1677 1707 1709 multam
1725 1677 1751 1708 si
1767 1676 1926 1708 dissoluto
1943 1676 2097 1708 dotalicio

452 1734 578 1776 puellae
605 1737 756 1775 parentes
781 1733 906 1774 exigere
935 1732 1131 1764 maluerinta
1156 1735 1215 1763 aut
1243 1735 1382 1772 utraque
1408 1730 1574 1772 indulgere
1598 1730 1652 1762 vel
1678 1734 1816 1771 utraque
1842 1741 2008 1772 reposcere
2034 1730 2098 1771 ipsi

451 1788 603 1824 viderint,
629 1791 661 1817 et
685 1786 809 1827 legibus
831 1786 1023 1818 civilibusbss
1047 1791 1246 1826 eorumquec
1272 1783 1492 1826 pacificationi
1517 1784 1633 1815 exinde
1653 1784 1838 1815 conveniat.
1862 1783 1946 1814 Nosd
1971 1786 2095 1820 autem,

451 1841 537 1881 quod
557 1840 597 1871 ad
618 1851 677 1870 nos
696 1840 850 1881 pertinet,
870 1843 980 1870 astute
997 1840 1080 1870 forte
1094 1838 1265 1880 quaerenti
1280 1838 1526 1879 respondemus,
1541 1837 1701 1878 quoniam
1716 1837 1799 1868 hanc
1814 1836 2099 1878 comparationem

451 1894 490 1924 de
509 1893 697 1924 ordinandis
716 1893 859 1934 positam
877 1892 994 1923 beatus
1011 1892 1218 1933 Augustinus
1237 1902 1303 1922 non
1321 1891 1360 1922 de
1380 1890 1572 1931 imaginaria
1591 1890 1652 1921 viri
1671 1893 1704 1921 et
1724 1890 1836 1920 uxoris
1853 1890 2097 1927 coniunctione,

453 1946 506 1977 sed
522 1947 560 1977 de
578 1946 783 1987 incorporata
802 1956 857 1986 per
874 1956 1016 1976 sexuum
1031 1944 1305 1976 commixtionem
1320 1943 1529 1985 copulatione
1546 1943 1669 1985 posuit,
1687 1942 1771 1974 sicut
1788 1943 1822 1973 in
1839 1943 1989 1984 proxime
2006 1953 2098 1984 prae-

452 1999 642 2030 cedentibus
660 1998 767 2029 infitet
790 2001 985 2035 Sequemur,
1006 1999 1157 2039 inquiens
1166 1997 1189 2035 ⁷,
1206 2009 1311 2034 agnum
1326 2001 1405 2034 pueri
1421 2002 1570 2026 cantantes
1589 2000 1733 2026 canticum
1751 2008 1869 2029 novum,
1888 1999 1963 2025 sicut
1980 2000 2010 2024 in
2029 2007 2099 2033 apo-

455 2056 561 2089 calypsi
581 2056 718 2089 scriptum
736 2059 788 2085 est,
811 2056 858 2088 qui
878 2064 943 2081 cum
964 2054 1127 2081 mulieribus
1147 2063 1175 2080 se
1196 2062 1252 2079 non
1273 2054 1551 2083 contaminaverunt,
1571 2061 1632 2079 nee
1652 2052 1689 2078 ob
1709 2052 1795 2083 aliud,
1816 2052 1869 2078 nisi
1891 2053 1957 2085 quia
1976 2052 2098 2086 virgines

454 2111 676 2142 permanserunt.
694 2108 753 2133 Neo
768 2108 831 2134 ideo
847 2117 875 2133 se
892 2108 1066 2134 arbitrentur
1083 2108 1210 2134 meliores
1225 2115 1285 2132 esse
1301 2107 1399 2140 primis
1416 2106 1545 2140 patribus
1561 2106 1676 2136 sanctis,
1694 2106 1741 2139 qui
1757 2106 1874 2139 nuptiis,
1891 2108 1924 2131 ut
1938 2105 1981 2131 ita
1996 2105 2099 2136 dicam,

539 2231 563 2258 a)
582 2232 673 2259 raptae
691 2229 768 2252 Sirm.
852 2227 876 2259 b)
895 2237 1003 2260 persona
1016 2229 1045 2253 C.
1129 2231 1152 2259 ⁸2)
1170 2228 1241 2253 Fehlt
1253 2228 1283 2252 0.
1368 2227 1393 2258 d)
1412 2227 1590 2252 extimabatur
1603 2226 1632 2251 Ο.
1718 2228 1741 2257 ε)
1761 2227 1858 2257 privari
1876 2226 2056 2250 communione
2069 2226 2099 2250 C.

456 2271 475 2302 ¹)
494 2272 544 2303 Vql.
565 2273 623 2297 oben
643 2272 670 2296 S.
682 2274 712 2298 97
730 2273 759 2296 Ζ.
771 2274 803 2298 34
819 2272 873 2297 Var.
886 2281 910 2305 y.
1025 2276 1048 2303 Ε)
1069 2273 1102 2297 Α.
1124 2273 1155 2297 R.
1174 2275 1222 2297 rot:
1243 2272 1279 2296 VI
1302 2272 1332 2296 B.
1438 2270 1463 2302 l1)
1482 2271 1616 2302 ecclastice
1635 2270 1668 2295 D.
1774 2268 1794 2301 ¹)
1814 2270 2023 2302 sponsalitiorum
2042 2272 2100 2294 stete

455 2316 531 2341 Sirm.
636 2315 661 2346 k)
681 2318 702 2340 si
716 2318 832 2341 —fuerit
851 2317 908 2347 fehlt
922 2318 954 2341 D.
1046 2316 1063 2348 ¹)
1084 2318 1158 2342 vobis
1171 2318 1209 2341 ita
1222 2317 1299 2341 Sirm.
1391 2319 1424 2346 ¹1¹)
1444 2316 1574 2340 iudicatur
1587 2315 1617 2340 G.
1709 2317 1734 2345 ¹¹)
1754 2314 1939 2346 desponsalitia
1951 2317 2007 2338 stete
2021 2314 2098 2338 Sirm.

456 2363 480 2390 0)
500 2361 600 2384 Zweites
614 2369 631 2384 n
644 2361 764 2390 mchqetr.
779 2361 812 2388 C,·
835 2362 981 2391 iungeretur
997 2362 1074 2386 Sirm.
1112 2375 1115 2377 ·
1176 2364 1200 2392 D)
1220 2361 1304 2385 locum
1320 2361 1350 2386 O.
1447 2362 1472 2391 q)
1495 2360 1528 2384 A.
1546 2360 1587 2384 R.:
1604 2359 1655 2383 V'II
1673 2359 1708 2387 B:
1725 2359 1761 2383 Ut
1777 2359 1805 2383 0·
1906 2360 1928 2389 ι“)
1952 2359 1987 2383 Et
2001 2359 2099 2389 -qUia

459 2406 549 2435 (auten
563 2404 592 2428 Z.
606 2405 653 2434 26)
664 2405 722 2434 lehlt
733 2405 766 2428 D.
834 2407 855 2434 s)
871 2405 1031 2429 caelebratae
1050 2406 1080 2430 Β.
1155 2405 1174 2436 t)
1186 2406 1227 2429 ille
1238 2405 1361 2436 einqejilqt
1372 2405 1402 2429 Ο.
1480 2406 1504 2435 u)
1515 2404 1600 2428 eidem
1613 2404 1644 2428 B.
1723 2405 1747 2433 V)
1758 2402 1885 2434 coniugali
1897 2402 1926 2427 0.
2004 2405 2033 2432 W)
2054 2410 2100 2426 suo

456 2448 665 2479 eirmeju'ytvSirm.
736 2451 760 2479 x)
772 2457 823 2472 non
835 2449 864 2473 C.
949 2452 973 2479 δ’)
993 2451 1039 2474 hoc·
1053 2450 1082 2474 0.
1167 2452 1189 2479 z)
1208 2451 1254 2479 hec
1273 2450 1305 2473 de
1317 2450 1351 2474 D.
1435 2450 1459 2479 ὃ)
1478 2448 1544 2473 Verb.
1560 2456 1607 2472 aus
1623 2447 1770 2471 maluerunt
1788 2447 1819 2471 B.
1905 2445 1929 2477 b)
1949 2447 2057 2478 quilibet
2070 2447 2100 2471 0.

456 2495 478 2523 c)
497 2493 689 2523 eorundemque
701 2493 778 2517 Sirm.
853 2492 877 2523 (¹)
894 2494 947 2517 Nos
961 2507 989 2511 -
999 2498 1138 2525 cognoscat
1155 2495 1247 2525 (umen
1262 2494 1289 2518 S.
1301 2495 1334 2520 99
1347 2493 1377 2518 Z.
1388 2494 1435 2523 33)
1451 2493 1607 2524 ausqelassen
1621 2492 1654 2516 D.
1739 2493 1762 2521 θ)
1779 2491 1812 2516 A.
1830 2491 1861 2515 R.
1877 2498 1924 2515 von
1936 2491 1996 2516 and.
2009 2491 2099 2515 Hand:

458 2537 525 2566 Quid
542 2537 634 2560 beatus
650 2537 810 2568 Augustinus
826 2537 858 2560 dc
877 2538 995 2568 coniugio
1018 2538 1047 2562 Β.
1134 2537 1152 2568 ἵ)
1175 2538 1306 2569 Sequntur
1328 2539 1397 2569 (sol)
1418 2538 1446 2562 0.

544 2625 569 2655 Ι)
589 2624 680 2649 Codex
703 2633 838 2649 canonum
866 2624 967 2657 (1609)
995 2625 1023 2650 S.
1038 2625 1116 2657 4731(
1145 2634 1166 2652 c.
1180 2626 1227 2655 432·
1256 2626 1408 2652 Hinschius
1434 2625 1463 2651 S.
1477 2625 1527 2651 621
1550 2633 1571 2650 c.
1584 2624 1608 2649 53.
1722 2625 1749 2656 2)
1769 2623 1879 2649 Ebenda
1900 2623 1929 2649 S.
1943 2623 1994 2649 474
2016 2632 2037 2649 c.
2052 2623 2099 2652 44,-

459 2668 611 2694 Hinschz'us
623 2668 651 2693 S.
665 2669 716 2693 621
733 2677 754 2693 c.
768 2668 793 2693 3,
907 2669 934 2700 3)
950 2669 1005 2700 Vql.
1024 2669 1122 2695 eluenda.
1138 2670 1166 2695 S.
1181 2671 1232 2695 474
1249 2679 1270 2695 c.
1284 2671 1331 2699 45‚-
1356 2669 1508 2695 Hinschius
1531 2669 1559 2694 S.
1573 2668 1624 2694 621
1648 2677 1669 2694 c.
1683 2669 1708 2693 4.
1816 2669 1844 2700 4)
1858 2668 1914 2700 Vql.
1934 2667 2034 2693 Konzil
2050 2676 2100 2692 von

460 2713 565 2738 Mearm·
591 2712 674 2745 (845)
699 2721 720 2737 c.
741 2713 784 2741 615,
810 2712 873 2738 MG.
891 2712 981 2746 Capit,
1001 2713 1043 2741 ll.
1062 2714 1126 2739 414:
1142 2729 1175 2732 —
1190 2729 1224 2732 —
1237 2723 1340 2747 sponso
1354 2714 1480 2747 legaliter
1494 2713 1584 2739 multa
1598 2716 1759 2746 componat.
1775 2727 1810 2730 —
1823 2712 1876 2738 Die
1897 2721 1947 2737 von
1962 2712 2100 2737 Hinltmar

459 2756 589 2782 erwdhnte
612 2756 734 2782 weltliche
752 2756 929 2788 Rechtsquelle
945 2757 978 2781 ist
993 2757 1065 2782 nieht
1081 2757 1236 2790 lestyestellt.
1331 2760 1358 2790 5)
1372 2758 1412 2783 De
1426 2758 1492 2783 bono
1505 2757 1642 2790 coniuqali
1656 2756 1786 2782 XXIIII
1802 2756 1879 2789 (3⁴2),
1893 2755 2097 2790 Corp.1⁷i⁷zdob.

460 2801 502 2830 41,
518 2801 577 2826 227.
672 2802 699 2832 6)
720 2801 748 2826 S.
763 2801 827 2826 oben
839 2801 869 2825 Z.
885 2801 927 2825 10.
1022 2802 1048 2833 7)
1072 2801 1109 2826 De
1125 2802 1191 2826 bono
1205 2802 1341 2834 coniugali
1357 2802 1467 2828 XXIII
1486 2801 1561 2834 (31),
1578 2802 1658 2834 C'orp.
1677 2801 1789 2827 Vindob.
1806 2801 1848 2831 41,
1863 2800 1924 2826 5226.

2122 782 2147 802 10

2123 1048 2149 1068 15

2124 1313 2151 1333 20

2124 1579 2151 1599 25

2125 1846 2152 1866 30

2125 2094 2198 2133 ¹:15v

2125 2409 2152 2429 40

2126 2673 2153 2693 45
