2220 3192
353 299 425 328 860.

293 1361 359 1381 Rom.
372 1362 392 1385 l,
405 1361 437 1379 32.

255 1467 289 1487 ΡΒ.
301 1467 337 1491 49,
348 1467 440 1486 16—18.

245 1677 440 1703 vg1.Pr0v.s‚15.

247 1983 296 2007 Vgl.
304 1982 377 2003 Eccle.
387 1983 444 2005 7,17.

248 2010 297 2033 Vgl.
304 2009 387 2030 Matth.
396 2010 415 2032 5,
425 2009 443 2028 7.

290 2036 295 2043 ⁸
319 2036 364 2055 Iac.
376 2036 396 2059 2,
410 2037 444 2055 13,

341 2062 444 2082 Εὺευᾱεὶ,

317 2102 365 2122 Iob.
377 2102 398 2126 8,
410 2103 443 2121 11.

249 2142 298 2166 vgl.
310 2142 365 2162 Luc.
377 2143 397 2166 1,
410 2142 448 2164 782

319 2168 367 2189 Col.
378 2169 399 2192 3,
412 2169 447 2187 12.

451 206 492 235 86
1019 201 1205 228 HINKMAR
1225 201 1303 226 VON
1324 199 1444 225 REIMS
1468 200 1526 225 135.

450 301 531 328 licere
551 301 592 325 uti
613 299 736 326 moribus
755 298 812 323 suis
830 300 860 322 ct
879 295 1014 322 adulteris
1032 297 1061 319 et
1079 292 1247 319 homicidisa
1265 295 1294 317 et
1312 291 1423 319 furibus
1441 294 1471 317 et
1489 291 1607 325 periuris
1625 294 1655 317 et
1674 291 1835 324 parricidis:
1860 299 1953 317 nonne
1972 292 2026 318 sub
2044 292 2097 319 hae

449 354 564 379 liconiia
582 352 677 378 omnia.
695 351 800 384 pariter
819 357 875 374 una
894 347 1022 374 confusio
1040 334 1202 379 iniquitatis
1218 345 1399 371 involveret?
1419 344 1520 370 Nonne
1539 344 1614 370 mille
1633 344 1785 370 sceleribus
1803 347 1833 370 et
1852 344 1985 370 caedibus
2004 345 2097 376 urbes,

450 406 519 435 forn,
541 406 650 434 domus,
673 403 761 429 maria
781 404 916 434 totusque
937 400 1052 426 omnino
1074 398 1196 424 mundus
1217 398 1318 424 fuisset
1337 397 1493 430 impletus?
1515 397 1591 423 Nam
1610 397 1633 422 si
1654 397 1763 430 legibus
1785 400 1860 424 certe
1881 397 2097 424 dominantibus

449 462 477 484 ot.
495 459 607 490 vigente
625 455 844 482 comminatione
861 456 947 486 atque
964 455 1070 479 terrore
1087 452 1137 476 vix
1153 454 1251 477 tamen
1268 450 1433 476 voluntates
1450 450 1619 477 cohibentur
1636 450 1786 483 malignae,
1803 451 1827 476 si
1842 451 1932 476 etiam
1948 450 2001 477 hoc
2018 459 2097 484 prae-

450 511 551 536 sidium
573 509 717 537 defuisset,
740 515 864 540 quanam
885 508 980 539 posset
1002 504 1111 530 malitia
1131 504 1241 531 ratione
1262 503 1388 530 frenari?
1410 503 1468 529 Aut
1490 512 1561 537 quae
1582 502 1657 528 nonb
1678 503 1707 528 in
1728 503 1820 530 vitam
1841 503 1990 529 hominum
2010 505 2099 538 pestis

450 564 586 590 irrueret?
608 562 666 587 Nec
686 563 783 586 tamen
803 559 895 584 solum
914 557 993 583 istud
1013 557 1125 584 crudele
1144 560 1198 587 est,
1214 557 1378 590 permittere
1399 556 1506 583 scilicet
1526 556 1607 582 malis
1634 564 1715 589 agere
1738 564 1809 589 quae
1830 556 1929 587 velint,
1951 556 2000 582 sed
2020 557 2098 583 aliud

451 624 560 649 quoque
582 615 636 639 isto
658 616 732 640 certe
753 612 822 637 nihil
845 612 947 641 minus,
968 611 999 636 id
1018 613 1063 636 est
1082 610 1190 636 laesum
1210 613 1240 635 et
1260 610 1394 637 inmerito
1414 609 1562 636 adflictum
1582 609 1728 642 neglegere
1750 612 1837 643 atque
1859 609 2023 642 despicere?
2046 610 2099 636 Dic

448 669 522 693 euim
546 667 623 696 inihi,
645 667 667 691 si
691 666 752 699 quis
774 665 846 692 feros
868 664 996 690 homines
1018 673 1051 689 ac
1072 672 1182 696 semper
1204 663 1342 695 malignos
1362 663 1392 688 in
1413 671 1503 688 unum
1524 662 1657 695 colligens
1678 662 1780 695 gladiis
1802 665 1927 689 armaret
1948 665 2098 696 totamque

449 721 594 748 circumire
613 719 761 745 civitatem
778 717 889 744 iuberet
906 720 992 750 atque
1011 716 1111 742 obvios
1128 716 1182 742 sibi
1202 724 1327 749 quosque
1347 715 1506 746 confodere,
1525 715 1594 749 quid
1612 715 1730 742 tandem
1748 716 1801 741 hoc
1818 718 1915 741 esset0
1932 715 2097 742 inmanius?

450 774 487 799 At
506 774 528 798 si
549 773 620 798 alius
639 780 686 797 eos
707 770 832 804 quidem,
853 771 900 803 qui
921 770 958 796 ab
977 769 1024 795 illo
1045 770 1149 796 armati
1169 771 1273 799 essent,
1293 769 1393 802 ligaret
1413 769 1608 802 violenterque
1628 769 1844 801 constringeret,
1874 776 1922 793 eos
1942 777 2018 799 vero,
2051 769 2098 802 qui

448 825 628 853 interimendi
645 827 737 854 erant,
755 824 792 849 ab
809 824 913 856 iniquis
931 823 985 848 iilis
1004 822 1134 849 manibus
1151 822 1294 853 liberaret,
1314 821 1381 856 quid
1398 830 1413 847 e
1430 822 1542 855 regione
1560 822 1616 847 isto
1633 822 1809 849 inveniretur
1826 821 2000 847 humanius?
2020 822 2099 848 Haec

450 880 533 912 igitur
552 879 639 904 etiam
659 877 695 903 ad
714 876 825 910 legum<1
845 876 967 903 transfer
986 875 1125 909 exempla.
1151 875 1228 906 Quae
1247 876 1323 901 enim
1343 875 1457 901 oculum
1476 883 1527 908 pro
1546 874 1627 901 oculo
1645 874 1767 900 effodere
1787 875 1942 908 praecepit,
1966 875 2099 902 timorem

450 932 529 965 quasi
548 931 711 958 carnificum
728 929 925 963 peccatoribus
942 930 1101 959 inmittens,
1112 929 1186 954 illius
1203 928 1302 954 similis
1318 928 1473 958 invenitur,
1493 928 1541 961 qui
1557 927 1628 958 illos,
1645 935 1716 960 quos
1733 927 1802 958 dixi,
1818 927 1947 954 cohibuit
1963 930 2098 954 armatos.

455 986 507 1016 Qui
526 993 592 1011 vero
608 984 716 1009 nullam
733 983 848 1009 omnino
872 991 994 1016 paenam
1011 982 1138 1008 decrevit
1154 982 1278 1011 nocenti,
1296 981 1345 1006 sed
1362 989 1486 1008 armasse
1503 981 1557 1006 tibi
1573 981 1757 1014 iniquitatem
1772 980 1886 1007 videtur
1900 989 2022 1014 eumque
2037 981 2101 1007 imi-

449 1041 543 1064 tatum
565 1037 660 1067 fuisse,
684 1037 731 1070 qui
753 1036 903 1063 sceleratos
924 1035 986 1061 illos
1009 1035 1108 1068 gladiis
1129 1035 1267 1062 instruxit
1288 1034 1409 1067 hincque
1432 1034 1522 1059 totius
1544 1034 1671 1060 civitatis
1692 1034 1801 1060 inmisit
1822 1034 1953 1064 exitium,
1975 1034 2100 1065 videsne,

451 1090 691 1124 quemadmodum
712 1098 768 1115 non
790 1089 881 1115 solum
902 1089 1007 1114 nullius
1029 1088 1215 1118 crudelitatis,
1237 1096 1337 1114 verum
1357 1088 1445 1113 etiam
1467 1087 1608 1113 maximae
1630 1087 1746 1120 pietatis
1767 1090 1836 1112 sunt
1856 1087 1905 1113 illa
1925 1089 2099 1121 praecepta?

449 1141 493 1171 Et
512 1141 544 1170 in
564 1139 709 1180 epistolis
726 1139 814 1170 beati
834 1138 977 1179 Gregorii
996 1138 1082 1169 idem
1100 1137 1303 1178 competenti
1323 1137 1447 1168 ultione
1467 1136 1648 1178 plectendis
1667 1136 1823 1167 maleficis
1841 1140 1873 1167 et
1892 1136 2014 1177 iniquis
2032 1148 2099 1168 sae-

453 1204 630 1234 penumero
650 1193 706 1233 qui
728 1192 829 1232 legere
849 1191 991 1222 voluerit
1012 1191 1156 1222 invenire
1176 1190 1310 1221 valebit.

540 1246 646 1283 Unde,
664 1246 764 1276 frater
779 1245 955 1281 carissime,
971 1244 1095 1285 collige,
1112 1244 1190 1285 quia
1206 1248 1321 1275 contra
1336 1243 1414 1275 haec
1431 1253 1523 1284 agere
1539 1247 1599 1274 aut
1615 1242 1743 1284 exigere
1761 1253 1827 1273 non
1845 1242 1952 1274 solum
1968 1246 2017 1273 est
2034 1243 2100 1285 pie-

452 1299 532 1330 tatis
550 1299 621 1330 iura
639 1299 848 1336 confundere,
866 1308 983 1329 verum
1001 1301 1034 1328 et
1053 1297 1244 1328 sacerdotali
1263 1296 1469 1327 innocentiae
1487 1307 1524 1327 ac
1544 1296 1684 1337 puritati
1701 1295 1915 1326 detractionis
1935 1296 2100 1328 molestias

455 1353 618 1393 inportare
634 1356 666 1382 et
681 1351 899 1392 derogationis
913 1350 1133 1392 blasphemias
1148 1351 1305 1391 inrogare.
1321 1349 1441 1380 Dicent
1456 1349 1545 1380 enim
1563 1348 1748 1390 maliloqui:
1765 1348 1889 1380 Paulus
1904 1349 1999 1380 dicit:
2014 1348 2101 1381 ‘Non

454 1405 560 1436 solum
583 1406 641 1446 qui
667 1405 804 1442 faciunt,
831 1405 885 1435 sed
903 1404 960 1445 qui
985 1404 1199 1435 consentiunt
1218 1402 1415 1435 facientibus
1432 1403 1522 1444 digni
1541 1406 1620 1433 sunt
1640 1402 1768 1439 morte',
1787 1402 1849 1434 iste
1867 1402 1998 1443 iniquos
2014 1413 2101 1434 coer-

456 1459 518 1490 ceri
536 1470 601 1489 non
619 1459 708 1490 sinit.
724 1458 819 1489 Unde
837 1462 869 1489 et
886 1457 1049 1488 Dominus
1066 1468 1123 1498 per
1140 1456 1349 1498 psalmistam
1366 1456 1426 1487 tali
1445 1456 1529 1487 sicut
1546 1456 1607 1486 iste
1625 1459 1674 1486 est
1692 1455 1866 1487 sacerdoti:
1884 1455 1893 1466 ³
1904 1455 2034 1492 Quare',
2053 1456 2100 1486 in-

454 1512 538 1552 quit,
565 1511 615 1542 ‘tu
637 1522 767 1542 enarras
788 1511 931 1542 iustitias
950 1521 1039 1542 meas
1059 1514 1093 1541 et
1112 1510 1259 1541 adsumis
1280 1513 1518 1540 testamentum
1541 1520 1652 1540 meum
1673 1519 1730 1550 per
1751 1519 1786 1539 os
1806 1508 1930 1540 tuum?
1956 1508 2004 1539 Tu
2024 1519 2101 1540 vero

455 1565 552 1595 odisti
573 1564 792 1605 disciplinam,
814 1563 965 1596 currebas
986 1575 1063 1595 cum
1087 1564 1156 1594 fure
1179 1567 1212 1594 et
1233 1574 1311 1594 cum
1332 1562 1489 1594 adulteris
1511 1562 1697 1603 portionem
1719 1566 1815 1593 tuam
1837 1561 2004 1603 ponebas'.
2026 1562 2101 1593 Non

454 1618 543 1649 enim
565 1618 687 1648 foveret
711 1617 840 1650 malose.
865 1617 891 1648 si
911 1617 1038 1648 bonum
1059 1617 1218 1658 diligeret,
1242 1616 1296 1647 sed
1318 1615 1456 1657 diligens
1476 1615 1645 1646 hominem
1668 1618 1702 1645 et
1723 1615 1836 1646 odiens
1855 1614 1990 1653 vitium,
2011 1615 2100 1656 quod

458 1682 555 1701 suum
571 1675 629 1707 est,
649 1674 757 1711 ageret
772 1674 815 1707 et,
830 1671 918 1711 quod
933 1682 952 1702 a
967 1670 1035 1701 Deo
1052 1680 1108 1711 per
1122 1670 1306 1701 conditores
1321 1669 1430 1710 legum
1445 1669 1532 1700 iusta
1547 1669 1758 1700 decernentes
1772 1668 1941 1699 decretum
1956 1671 2017 1706 est,
2035 1679 2100 1699 non

456 1727 672 1765 oppugnaret.
688 1723 731 1753 Et
750 1724 893 1763 iniquaer
913 1723 1063 1755 mulieres
1084 1734 1122 1755 ac
1141 1723 1283 1764 perversi
1298 1722 1448 1754 homines
1465 1722 1632 1762 inquient:
1650 1721 1826 1752 Faciamus
1842 1721 1930 1762 quod
1946 1720 2101 1753 volumus

456 1781 490 1808 et
513 1777 669 1807 adeamus
694 1776 861 1807 ecclesiam
885 1776 938 1808 vel
962 1777 1155 1818 episcopum
1180 1780 1213 1807 et
1238 1776 1361 1807 erimus
1386 1775 1544 1817 inpuniti.
1572 1775 1660 1806 Hinc
1687 1784 1831 1815 namque
1854 1774 2101 1815 vituperabitur

459 1830 678 1861 ministerium
699 1834 847 1860 nostrum
867 1834 901 1861 et
920 1830 1042 1861 erimus
1061 1828 1338 1871 contemptibileS,
1360 1832 1398 1859 ut
1416 1828 1568 1859 videlicet
1588 1827 1727 1870 legalem
1747 1827 1911 1858 iustitiam
1931 1827 2063 1858 iniustis
2081 1838 2100 1858 a

456 1882 597 1913 Domino
620 1883 762 1924 positam
783 1886 1066 1924 contempnentes,
1088 1883 1165 1924 quia
1188 1889 1422 1923 unaquaequeg
1445 1881 1498 1912 lex
1519 1881 1606 1912 iusta
1627 1881 1752 1912 crimen
1775 1891 1841 1912 non
1862 1879 1973 1917 habet,
1996 1891 2036 1912 ne
2059 1880 2101 1911 sit

459 1936 592 1972 iniusta,
614 1940 646 1966 et
666 1939 777 1966 tamen
799 1936 1013 1967 criminosum
1034 1936 1144 1977 punit,
1167 1939 1205 1966 ut
1224 1946 1299 1966 vere
1321 1935 1364 1966 sit
1384 1935 1482 1966 iusta.
1502 1934 1548 1965 Et
1568 1945 1584 1965 e
1606 1934 1734 1975 regione
1754 1933 1891 1974 quidam
1912 1933 2100 1965 iactabunt:

462 1987 628 2029 Scriptura
651 1989 745 2019 dicit:
766 1988 825 2019 ‘Ne
849 1989 891 2019 sis
915 1989 1060 2020 multum
1082 1989 1212 2021 iustus’.
1235 1988 1343 2019 ‘Beati
1365 1998 1495 2029 quoque
1512 1987 1758 2024 misericordes'3
1781 1990 1829 2018 et:
1853 1986 2031 2018 ‘Iudicium
2053 1985 2100 2017 illi

461 2041 527 2071 sine
548 2041 774 2077 misericordia,
792 2042 849 2082 qui
868 2053 933 2072 non
952 2042 1031 2073 facit
1051 2041 1330 2078 misericordiam’3
1350 2045 1397 2072 et:
1415 2040 1659 2082 ‘Superexaltet
1678 2040 1836 2071 iudicium
1856 2039 2100 2077 misericordia’;

459 2098 491 2124 et
512 2094 673 2124 Dominus
691 2094 872 2126 adulterae:
893 2094 969 2126 ‘Nec
991 2106 1047 2136 ego
1069 2099 1101 2126 te
1121 2094 1381 2136 condempnabo.
1402 2095 1490 2125 Vade
1509 2097 1542 2125 et
1560 2093 1705 2134 amplius
1727 2093 1793 2124 noli
1812 2092 1966 2134 peccare'.
1987 2093 2031 2124 Et
2050 2096 2100 2130 tu,

463 2147 618 2184 sacerdos,
635 2147 688 2177 cui
707 2147 957 2179 misericordiam
974 2149 1036 2179 nisi
1055 2149 1170 2180 misero
1186 2148 1282 2179 debes
1299 2148 1485 2189 inpendere,
1504 2151 1537 2178 et
1553 2146 1599 2177 illi
1615 2146 1741 2178 claudis
1757 2157 1824 2177 non
1843 2146 2023 2177 miserendo
2041 2146 2100 2177 mi-

460 2200 647 2230 sericordiae
661 2200 795 2237 viscera,
811 2201 867 2240 qui
884 2201 917 2231 in
934 2212 1010 2232 eum
1027 2201 1105 2232 liber
1121 2213 1154 2232 es
1169 2213 1187 2232 a
1204 2201 1400 2242 punitione?
1426 2201 1535 2238 Quam
1551 2200 1722 2240 utriusque
1739 2199 1842 2240 partis
1857 2199 2100 2240 derogationem

459 2263 531 2293 erga
550 2253 646 2284 sacris
666 2253 826 2292 mysteriis
843 2254 1017 2284 servientes
1035 2255 1167 2295 provide
1184 2258 1283 2295 atque
1300 2254 1436 2285 discrete
1453 2264 1571 2284 cavens
1588 2253 1707 2282 beatusl
1727 2256 1877 2289 Gregorius
1894 2255 1931 2281 ad
1948 2255 2100 2282 Leontium

459 2309 638 2335 exconsulem
661 2306 786 2334 scribitv‘u':
813 2309 913 2340 Debet,
933 2311 1071 2343 inquiens,
1096 2311 1184 2344 gloria
1202 2316 1298 2337 vestra
1323 2311 1492 2341 meminisse,
1518 2310 1584 2344 quia
1608 2317 1765 2342 numquam
1790 2317 1867 2335 meas
1890 2308 2025 2342 epistolas
2048 2317 2099 2342 pro

460 2362 705 2388 commendatione
730 2362 846 2387 alicuius
870 2364 989 2396 accepit,
1014 2364 1066 2388 nisi
1091 2367 1124 2389 ut
1148 2364 1355 2397 protectionem
1378 2367 1505 2389 vestram
1529 2363 1644 2389 favente
1670 2363 1781 2388 iustitia
1805 2361 1997 2395 praestaretis.
2029 2361 2100 2392 Quia

460 2411 564 2448 turpe³
582 2418 625 2440 est
642 2414 791 2440 defendere
811 2415 885 2447 quod
905 2416 981 2448 prius
1000 2424 1056 2441 non
1075 2418 1234 2443 constiterit
1252 2418 1360 2443 iustum
1378 2425 1445 2442 esse.
1466 2416 1526 2449 Ego
1546 2415 1660 2449 quidem
1678 2415 1807 2441 homines
1825 2418 1942 2448 propter
1958 2415 2099 2440 iustitiam

460 2468 554 2500 diligo,
573 2475 629 2492 non
648 2470 744 2492 autem
762 2468 901 2493 iustitiam
920 2472 1035 2501 propter
1053 2469 1180 2494 homines
1198 2473 1347 2503 postpono.
1369 2465 1428 2495 Et4
1446 2468 1483 2495 ad
1502 2469 1665 2494 Romanum
1683 2467 1876 2493 defensoremh
1890 2464 1916 2494 5:
1937 2467 2098 2493 Patroe'mia

544 2546 568 2571 3)
582 2543 647 2566 Verb,
662 2551 708 2565 11115
723 2544 853 2566 homicidii
870 2544 899 2567 B.
986 2543 1009 2573 b)
1027 2540 1180 2574 &bernes-chr.
1198 2546 1227 2569 Β.
1317 2548 1340 2575 c)
1358 2546 1423 2569 Verb.
1440 2553 1487 2569 ‹zu-3
1500 2553 1553 2569 esse
1567 2545 1596 2569 B.
1683 2543 1708 2574 (¹)
1725 2553 1741 2568 u
1754 2544 1816 2568 verb.
1832 2544 1862 2567 Β.
1948 2545 1971 2573 θ)
1988 2551 2042 2567 ma·
2055 2544 2100 2574 aus

465 2588 534 2614 11115,Ι
551 2588 608 2617 10qu
620 2587 679 2610 lfa->1
692 2595 734 2610 1·οη
747 2591 806 2611 etim
817 2589 880 2611 djd
894 2588 993 2611 Bachst.
1007 2588 1037 2611 B.
1117 2588 1136 2619 f)
1153 2590 1240 2620 iniqua
1254 2590 1283 2613 Β.
1378 2593 1400 2619 Β)
1416 2590 1482 2614 Verb.
1493 2597 1539 2613 aus
1550 2597 1706 2620 unaquaque
1720 2589 1750 2613 B.
1836 2587 1860 2618 h)
1877 2596 1926 2612 -so-
1938 2588 1983 2618 aus
1995 2588 2054 2611 Rae.
2068 2588 2098 2612 B.

558 2659 582 2688 1)
605 2657 662 2682 Du-s·
682 2657 814 2689 Folqende
846 2657 901 2689 (bis
930 2661 1078 2690 postpono,
1107 2662 1186 2684 ‘niden
1209 2659 1238 2684 Z.
1253 2660 1302 2692 42)
1333 2660 1427 2685 eberiso
1449 2659 1601 2685 verbunden
1630 2659 1670 2684 bei
1699 2659 1838 2684 Hiulcmar
1866 2658 1895 2684 in
1923 2659 1974 2684 ‘De
1995 2658 2097 2683 divort?

466 2702 556 2726 interr.
577 2702 619 2731 22,
640 2701 735 2733 Mz'qne
756 2702 817 2729 12¹5,
832 2702 890 2726 739.
996 2702 1023 2732 2)
1048 2702 1108 2734 qu.
1131 2703 1185 2730 XI.
1199 2704 1223 2733 4,
1244 2704 1307 2729 ΜΟ.
1329 2704 1417 2737 Epist,
1439 2704 1482 2731 II.
1502 2704 1579 2736 262s.
1602 2704 1695 2737 (J.-E.
1717 2703 1814 2736 1794).
1920 2703 1948 2734 3)
1969 2703 2003 2728 A.
2018 2711 2044 2727 a..
2060 2702 2102 2732 O.,

465 2746 553 2778 Epist.
568 2746 611 2773 ΙΙ,
625 2746 700 2777 26131.
795 2747 823 2776 4)
842 2746 899 2770 Das
915 2746 1046 2778 Folqewle
1063 2746 1118 2778 (bis
1130 2748 1278 2777 rationem,
1292 2751 1372 2773 'melon
1387 2748 1415 2773 S.
1429 2749 1463 2773 157
1479 2748 1509 2773 Z.
1523 2748 1573 2781 10)
1593 2748 1710 2773 wortlich
1726 2756 1778 2773 aus
1791 2747 1939 2777 Hinlemar,
1953 2747 1993 2772 De
2006 2747 2098 2772 ‹liz-ort.

466 2791 554 2815 interr.
572 2790 616 2817 22,
633 2789 728 2822 Miqne
746 2790 806 2819 125,
825 2790 883 2815 740.
993 2792 1019 2821 5)
1035 2790 1138 2821 (heqer.
1156 2791 1180 2815 I.
1201 2791 1262 2823 Res).
1281 2792 1335 2821 IX,
1354 2793 1396 2821 79,
1414 2792 1478 2817 ΜΘ.
1496 2793 1584 2825 Epist.
1602 2793 1646 2822 II,
1663 2793 1697 2817 95
1716 2791 1918 2825 (J.-E.1604).

2124 775 2150 794 10

2127 1040 2154 1060 15

2123 1307 2151 1326 20

2125 1572 2153 1591 25

2125 1838 2153 1858 30

2127 2103 2154 2123 35

2128 2361 2198 2388 40²

2127 2659 2154 2679 45
