2220 3192
359 317 432 345 864.

247 363 296 386 ναι.
308 364 351 384 loa.
362 363 441 386 2⁴37:

287 391 338 410 Act.
349 390 369 413 ὅ,
380 391 401 409 4.

321 1595 371 1615 Act.
385 1595 405 1619 9,
416 1595 437 1616 6.

245 1754 294 1778 Vgl.
307 1754 357 1774 Aet.
371 1754 406 1777 10,
417 1754 437 1773 ὅ.

260 1794 310 1818 vgl.
322 1794 372 1815 Act.
383 1794 403 1817 l,
414 1793 438 1817 5;

311 1821 345 1845 11,
357 1821 391 1840 ιθ.

250 1860 298 1884 Vgl.
311 1860 363 1880 Act.
374 1860 407 1884 16,
418 1860 440 1881 9.

252 1913 300 1937 Vgl.
313 1913 363 1933 Act.
375 1914 409 1937 11,
421 1914 443 1934 3.

297 2125 349 2145 Aet.
360 2126 394 2149 10,
406 2125 441 2144 26.

297 2284 349 2304 Aet.
360 2284 395 2308 ιι,
406 2284 441 2305 12.

284 2392 305 2410 1.
319 2390 379 2410 Petr.
390 2391 411 2414 ὁ,
423 2390 443 2410 3.

462 222 519 251 152
1016 218 1201 244 HINKMAR
1221 218 1299 244 VON
1320 217 1440 243 REIMS
1463 218 1521 243 169.

458 314 606 344 Rothudo
629 312 662 341 in
687 310 774 341 nullo
799 312 945 350 poterata
969 307 1102 337 meliusa
1124 306 1284 343 satisfieri,
1307 316 1409 346 quam
1432 305 1458 336 si
1480 305 1521 336 ad
1542 309 1687 336 vestram
1710 310 1856 346 pergeret
1878 306 2098 347 praesentiam

456 371 488 397 et
509 366 537 396 ei
560 369 728 395 tantorum
749 360 1042 401 subscriptionibus
1062 359 1302 400 episcoporum,
1324 358 1381 399 qui
1402 358 1469 388 Deo
1491 362 1524 388 et
1544 357 1636 389 vobis
1660 358 1792 389 mentiri
1814 358 1943 396 nolunt,
1966 362 2001 390 et
2020 358 2097 391 alle-

457 417 641 459 gationibus
669 418 716 445 tot
743 414 937 444 vicariorum
964 412 1142 443 eorundem
1167 411 1396 452 episcoporum
1424 411 1523 442 fuerit
1549 410 1643 442 illum
1668 411 1790 442 bonam
1815 422 1950 443 causam
1976 423 2097 453 nequa-

455 481 555 511 quam
575 468 688 499 habere
709 471 889 496 ostensum.
919 465 1139 502 Quamobrem
1159 463 1219 494 sibi
1240 464 1322 506 ipsib
1342 468 1375 494 et
1397 475 1463 494 non
1482 463 1574 495 vobis
1594 468 1746 505 reputare
1766 463 1907 501 debebit,
1928 465 2005 506 quia
2026 465 2095 496 sine

457 524 539 554 bona
560 532 657 552 causa
679 531 710 549 se
733 523 767 550 et
791 518 912 550 multos
934 517 1013 549 alios
1037 517 1218 557 fatigavitl.

525 575 616 606 Unde
636 572 730 603 illum
749 576 857 602 vestra
875 571 1105 602 discretissima
1125 570 1240 612 pietas,
1260 580 1343 610 quae
1361 569 1623 610 compassionem
1642 570 1792 611 proximo
1811 574 1845 601 et
1864 570 2097 602 rectitudinem

455 628 566 659 dobere
589 626 677 657 vitiis
702 626 803 661 novit,
827 624 893 655 suis
915 623 1102 665 apostolicis
1125 623 1243 654 litteris
1266 621 1466 653 sufficienter
1489 622 1728 663 praemonuit2.
1759 623 1887 664 Quique
1910 623 1995 654 inter
2017 623 2097 655 alias

453 681 611 712 soom-dias
632 682 761 709 tantae⁰
780 677 920 708 duritiae
940 688 1007 708 esse
1027 676 1218 713 dinoscitur,
1242 679 1289 712 ut,
1309 686 1388 706 cum
1410 674 1602 706 multotiens
1622 676 1691 707 sine
1713 675 1778 706 ullo
1798 680 1948 718 respectu
1969 677 2096 707 timoris

453 734 503 765 vel
515 733 634 764 amoris
648 731 750 762 divini
764 735 797 761 et
810 729 931 771 absque
946 729 1012 761 ulla
1025 730 1170 760 humana
1183 729 1377 760 verecundia
1392 739 1448 770 per
1462 732 1513 759 tot
1525 739 1629 760 annos
1642 733 1677 760 et
1689 729 1724 760 in
1737 729 1840 760 tantis
1854 729 1960 760 causis
1974 730 2096 760 totiens

453 787 549 818 saeris
568 784 747 816 canonibus
767 788 800 814 et
819 783 954 815 decretis
975 786 1106 814 sanctae
1127 783 1210 813 sedis
1229 782 1397 813 Romanae
1419 781 1616 823 pontificum
1636 786 1670 813 et
1689 793 1766 814 suae
1789 782 1977 824 metropolis
1997 783 2096 824 privi-

453 840 532 881 legio
549 850 585 869 ac
603 836 802 869 sinodalibus
820 837 947 868 iudiciis
966 835 1172 867 resultaverit
1189 840 1222 866 et
1240 846 1296 876 per
1313 838 1425 866 tantos
1442 846 1545 866 annos
1563 835 1807 876 tantisperqued
1825 835 1983 867 toleratus
1999 847 2019 867 a
2036 847 2096 867 sua

452 892 596 924 stulticia
615 902 647 922 se
667 901 814 921 revocare
832 889 1077 931 contempserit,
1096 900 1115 919 a
1135 899 1205 930 rege
1224 892 1258 919 et
1276 889 1436 930 episcopis
1457 888 1684 930 multiplieiter
1703 888 1890 920 obsecratus
1909 889 1945 920 in
1962 889 2021 920 hoc
2040 890 2096 920 ad-

451 946 527 977 duci
550 956 615 976 non
638 944 759 986 potuit,
784 947 821 974 ut
843 943 940 974 sacris
961 941 1141 973 canonibus
1163 946 1197 973 et
1218 942 1354 972 decretis
1376 945 1508 973 sanctae
1530 942 1614 973 sedis
1634 941 1803 973 Romanae
1826 942 2023 983 pontificum
2044 946 2098 973 et⁹

452 999 632 1031 secundum
647 1008 684 1028 ea
700 1007 776 1027 suae
795 995 982 1037 metropolis
999 995 1166 1037 privilegio
1182 995 1220 1026 de
1236 999 1342 1026 cetero
1359 1005 1390 1025 se
1407 994 1638 1026 oboediturum
1653 994 1868 1027 subscriberet
1879 1014 1924 1018 —
1936 995 2096 1036 quoniam

452 1053 520 1084 sine
540 1052 657 1082 horum
677 1049 900 1080 observatione
922 1060 1017 1080 nemo
1040 1052 1190 1079 nostrum
1211 1052 1320 1090 potest
1340 1059 1406 1079 esse
1427 1048 1600 1090 episcopus
1616 1066 1661 1072 -—
1679 1052 1712 1080 et
1733 1049 1777 1079 sio
1798 1059 1877 1090 pace
1898 1049 2040 1079 fraterna
2061 1049 2096 1080 in

454 1104 607 1137 omnibus
628 1104 799 1145 potiretur.
1200 1112 1202 1115 ’

524 1158 639 1190 Postea
653 1160 766 1188 autem
782 1166 840 1186 sua
855 1158 970 1196 sponte
986 1154 1021 1185 in
1035 1153 1142 1185 libello
1157 1164 1234 1185 suae
1250 1153 1546 1196 professionis³,per
1560 1156 1673 1195 quem¹
1688 1154 1729 1185 ad
1743 1153 1922 1185 electorum
1935 1154 2096 1186 iudicium

453 1211 651 1254 provocavit,
662 1210 739 1240 haec
754 1220 785 1239 se
801 1208 984 1239 observasse
1000 1208 1220 1249 impudenter,
1231 1207 1308 1248 quia
1323 1207 1501 1238 scientibus
1515 1208 1643 1238 cunctis
1655 1207 1864 1245 mendaciter,
1876 1207 1990 1239 sinodo
2007 1207 2096 1239 misit

451 1269 485 1296 et
499 1265 543 1296 sic
557 1265 599 1295 ad
614 1263 772 1294 iudicium
788 1261 987 1303 provocavit,
1002 1272 1086 1302 quae
1100 1271 1133 1292 se
1148 1264 1366 1297 servaturum,
1384 1271 1423 1291 ne
1437 1261 1647 1298 iudicaretur,
1659 1259 1856 1292 subscribere
1870 1261 2094 1292 detrectavitss.

453 1320 477 1355 Q
484 1318 545 1348 uod
560 1317 641 1353 ideo,
660 1317 744 1347 sicut
767 1319 878 1357 postea
894 1314 985 1345 nobis
999 1314 1155 1345 dixerunt
1169 1314 1226 1355 qui
1239 1313 1280 1344 ab
1295 1314 1365 1355 ipso
1380 1314 1567 1351 audierunt,
1583 1313 1781 1345 subscribere
1796 1313 2048 1355 noluit—quod
2061 1317 2096 1345 et

453 1382 509 1402 nos
525 1370 787 1412 percepimus—-,
805 1379 843 1399 ne
858 1368 1053 1398 vinceretur.
1066 1366 1128 1399 Sed
1142 1367 1169 1398 si
1188 1367 1223 1398 in
1238 1371 1348 1399 nostra
1363 1377 1421 1398 rex
1434 1371 1468 1398 et
1481 1367 1625 1408 episcopi
1642 1377 1906 1409 permaneremus
1920 1367 2095 1405 sententia,

451 1424 592 1455 Romam
606 1423 678 1460 iret,
688 1426 868 1462 antequam
882 1421 1077 1458 vinceretur,
1088 1424 1122 1451 et
1135 1421 1267 1462 quando
1282 1419 1359 1452 illuc
1373 1420 1510 1457 veniret,
1526 1420 1575 1451 his
1590 1431 1647 1462 per
1660 1424 1805 1451 vestram
1819 1420 2008 1458 iussionem,
2018 1431 2096 1452 cum

451 1489 469 1508 a
484 1477 575 1508 vobis
590 1477 672 1507 foret
683 1475 774 1506 nobis
786 1474 972 1506 nolentibus
981 1473 1162 1511 absolutus,
1175 1473 1404 1511 subscriberet;
1421 1484 1486 1504 non
1501 1473 1702 1515 intellegens,
1714 1473 1816 1505 immo
1831 1473 2014 1515 intellegere
2031 1484 2095 1504 non

452 1530 562 1561 valens
574 1549 612 1552 —
620 1529 807 1560 excaecavit
816 1528 905 1559 enim
915 1538 992 1558 eum
1005 1527 1130 1558 malitia
1141 1530 1394 1558 sua—vestram
1405 1527 1640 1558 auctoritatem
1650 1527 1889 1568 sapientissime
1899 1526 2094 1568 intellegere,

453 1595 551 1625 quare
569 1583 730 1614 Dominus
750 1582 788 1612 de
807 1580 894 1612 caelo
913 1580 1081 1621 alloquens
1097 1580 1239 1611 Paulum
1258 1584 1292 1611 et
1305 1580 1443 1612 dicenti:
1463 1579 1568 1617 ‘Quid
1590 1591 1641 1611 me
1660 1580 1763 1617 iubes,
1783 1580 1934 1618 Domine,
1956 1580 2059 1611 facere
2068 1580 2094 1611 2²

454 1648 518 1668 non
538 1636 659 1671 omnia,
674 1645 757 1676 quae
777 1635 901 1675 agenda
922 1633 968 1665 illi
983 1638 1088 1671 erant,
1103 1633 1268 1675 exposuit,
1284 1634 1340 1665 sed
1354 1633 1599 1670 adhAnam‘am,
1616 1645 1634 1664 a
1650 1644 1715 1674 quo
1731 1634 1855 1675 agenda
1871 1633 2046 1664 auditurus
2061 1637 2095 1664 et

452 1693 645 1730 accepturus
660 1692 740 1725 erat,
757 1687 851 1719 illum
867 1688 997 1719 direxit.
1016 1686 1066 1718 Sic
1083 1691 1117 1718 et
1132 1686 1267 1728 angelus
1284 1686 1480 1723 Cornelium,
1500 1690 1678 1728 postquam
1703 1686 1798 1718 illum
1815 1686 2011 1718 exauditum
2028 1697 2095 1718 esse

453 1742 670 1778 denuntiavit,
689 1742 730 1772 ad
749 1741 835 1772 Petri
853 1741 1037 1772 doctrinam
1054 1744 1153 1781 atque
1171 1739 1411 1771 oboedientiam
1431 1740 1530 1771 misit.
1570 1740 1675 1777 Quem
1700 1739 1776 1771 licet
1793 1743 1870 1771 ante
1888 1739 2095 1781 baptismum

452 1799 575 1833 sancto,
594 1799 630 1825 ut
644 1795 690 1826 ita
705 1794 861 1831 dicamus,
877 1794 994 1835 spiritu
1008 1793 1215 1835 baptizatum
1236 1793 1351 1824 beatus
1366 1793 1481 1824 Petrus
1502 1792 1586 1824 illius
1601 1792 1810 1834 baptismate,
1827 1793 1883 1834 qui
1897 1792 2046 1834 baptizat
2060 1793 2095 1824 in

455 1849 571 1890 spiritu
585 1852 697 1879 sancto
712 1852 745 1878 et
759 1848 792 1878 in
806 1858 870 1888 quo
884 1847 1088 1878 credentium
1101 1847 1197 1878 corda
1213 1846 1273 1878 fide
1288 1846 1515 1888 purificantur,
1530 1846 1692 1887 baptizari
1707 1847 1882 1888 praecepit.
1896 1846 1989 1878 Unde
2005 1846 2093 1877 facta

455 1902 643 1943 quaestione
660 1905 773 1932 contra
791 1911 867 1931 eum
885 1901 986 1931 etiam
1003 1912 1022 1931 a
1042 1900 1221 1931 minoribus
1238 1899 1316 1937 suis,
1335 1904 1449 1931 tamen
1467 1899 1625 1937 fidelibus,
1643 1910 1701 1930 cur
1718 1900 1759 1930 ad
1776 1903 1889 1941 gentes
1907 1895 2090 1937 intraverit,

455 1956 541 1986 idem
571 1954 794 1996 apostolorum
824 1954 974 1996 princeps
1003 1964 1210 1984 summorum
1239 1953 1342 1994 gratia
1371 1953 1533 1984 donorum
1562 1952 1706 1994 repletus
1734 1957 1768 1984 et
1797 1952 2091 1984 innumerabilium

457 2007 687 2040 miraculorum
705 2010 866 2048 potestate
884 2006 1040 2038 suffultus
1057 2006 1204 2048 querelae
1224 2017 1289 2038 non
1306 2017 1347 2037 ex
1365 2010 1538 2048 potestate,
1557 2006 1611 2037 sed
1628 2017 1670 2036 ex
1687 2006 1811 2037 ratione
1829 2006 1997 2047 respondit
2013 2016 2091 2037 eau-

456 2071 588 2102 samque
614 2072 669 2102 per
692 2060 839 2091 ordinem
862 2071 899 2091 ea
926 2060 1175 2091 mansuetudine
1200 2060 1364 2101 exposuit,
1397 2056 1480 2100 quai
1504 2058 1691 2090 humilitate
1717 2059 1862 2100 praefato
1887 2058 2033 2090 Cornelio
2058 2069 2091 2089 se

455 2115 585 2145 adorare
604 2113 727 2144 volenti
746 2113 845 2144 dixit:
863 2113 953 2150 Vide,
976 2124 1013 2144 ne
1033 2113 1158 2150 feceris3
1180 2124 1257 2144 nam
1275 2112 1321 2144 ‘et
1339 2123 1395 2153 ego
1415 2112 1482 2154 ipse
1501 2112 1598 2143 homo
1618 2123 1693 2143 sum
1712 2112 1797 2143 sicut
1815 2116 1848 2143 et
1867 2112 1928 2143 tu.³
1949 2111 1984 2143 Si
2002 2111 2092 2143 enim

455 2167 489 2198 in
507 2166 634 2207 querela
654 2166 736 2197 fideli
744 2177 810 2203 um,
832 2170 868 2196 ut
888 2165 1057 2206 Gregorius
1075 2167 1154 2197 dicit
1162 2164 1186 2204 4,
1206 2165 1329 2207 aliquid
1347 2166 1385 2197 de
1404 2176 1463 2196 sua
1483 2169 1645 2206 potestate
1664 2165 1794 2202 diceret,
1815 2166 1960 2207 profecto
1979 2165 2092 2196 doctor

456 2220 716 2250 mansuetudinis
734 2230 798 2249 non
815 2219 939 2250 fuisset.
958 2218 1085 2250 Humili
1101 2230 1174 2260 ergo
1190 2230 1243 2250 eos
1259 2220 1383 2250 ratione
1400 2219 1543 2260 placavit
1558 2223 1656 2259 atque
1673 2219 1708 2249 in
1722 2229 1819 2249 causa
1836 2218 2092 2259 reprehensionis

456 2284 531 2304 suae
544 2272 710 2303 humiliter
723 2272 881 2303 rationem
895 2273 1033 2303 reddidit
1045 2275 1096 2304 etk
1108 2273 1210 2303 etiam
1223 2277 1321 2303 testes
1333 2272 1483 2303 adhibuit
1494 2272 1618 2303 dicens:
1639 2271 1817 2302 ‘Venerunt
1836 2275 1950 2302 autem
1964 2282 2094 2302 mecum

455 2330 488 2356 et
502 2336 558 2356 sex
574 2326 686 2355 fratres
703 2325 780 2355 isti.²
797 2325 895 2356 Cuius
910 2325 1068 2357 humilem
1082 2326 1317 2357 auctoritatem
1331 2330 1364 2356 et
1380 2325 1680 2356 mansuetissimam
1696 2328 1895 2366 potestatem
1909 2329 1943 2355 et
1956 2324 2093 2356 rectissi-

460 2390 548 2410 mam
570 2378 842 2418 praedicationem
864 2378 1015 2409 dicentis:
1037 2376 1120 2409 ‘Nou
1143 2380 1352 2410 dominantes
1374 2379 1407 2409 in
1428 2378 1522 2413 clero,
1544 2379 1598 2408 sed
1621 2378 1720 2408 forma
1746 2378 1823 2408 facti
1845 2378 1941 2416 greg?
1963 2382 2093 2408 secutus

537 2477 561 2504 a)
583 2475 672 2497 melius
693 2478 793 2505 poterat
818 2474 855 2498 1¹³,
963 2474 985 2503 b)
1007 2477 1091 2505 ipsum
1114 2478 1135 2499 1.
1240 2478 1262 2504 c)
1282 2476 1353 2500 Fehlt
1374 2475 1412 2500 lb.
1519 2474 1543 2504 d)
1565 2480 1644 2505 atque
1665 2476 1792 2505 tantisper
1813 2477 1835 2498 1.
1936 2477 1959 2504 e)
1979 2474 2050 2498 Fehlt
2071 2476 2094 2498 1.

457 2517 476 2547 ¹)
497 2519 565 2549 quod
584 2520 607 2543 2.
695 2521 717 2547 ἕ)
737 2519 894 2542 detractavit
916 2521 936 2542 l.
1023 2518 1046 2549 ¹¹)
1068 2523 1093 2543 ut
1116 2522 1137 2543 I.
1224 2518 1242 2549 1)
1262 2521 1323 2551 quia
1344 2522 1365 2544 l.
1452 2518 1477 2549 Κ)
1497 2519 1567 2543 Fehlt
1586 2521 1608 2543 1.

550 2590 573 2619 l)
587 2588 641 2618 Vql.
660 2588 796 2613 Nikolaus
812 2589 835 2613 I.
853 2597 890 2613 an
908 2589 1020 2617 Romal,
1039 2589 1101 2614 ΜΟ.
1122 2590 1208 2622 Epist.
1224 2590 1271 2618 VJ,
1288 2590 1340 2616 374
1355 2590 1384 2615 Ζ.
1399 2590 1456 2622 13s.
1475 2589 1524 2614 Nr.
1539 2589 1586 2614 62:
1603 2604 1637 2607 -—
1653 2604 1688 2607 —
1703 2598 1753 2614 ne(-
1770 2592 1797 2614 ἴε
1813 2589 1931 2622 fatigare
1954 2597 2004 2614 nec
2025 2589 2094 2614 alios

458 2633 538 2661 velis3
553 2632 619 2657 «laza
638 2632 700 2657 ΜΘ.
718 2632 804 2664 Epist.
819 2633 866 2661 ΓΙ,
883 2633 934 2658 375
948 2633 977 2657 Ζ.
991 2633 1040 2665 δῖ).
1059 2634 1107 2658 Nr.
1122 2634 1169 2659 0¹1.-
1186 2649 1220 2652 ἡ·
1235 2650 1269 2652 —
1282 2635 1305 2659 si
1321 2637 1417 2660 tamen
1432 2636 1460 2659 te
1474 2634 1579 2659 iniuste
1594 2633 1684 2658 lesum
1698 2634 1772 2658 nosti
1788 2636 1817 2658 et
1832 2634 1935 2659 bonam
1949 2636 1976 2658 te
1991 2633 2093 2659 habere

457 2685 570 2702 eausam
593 2685 640 2709 per
661 2676 711 2701 Dei
734 2677 855 2709 gratiam
878 2677 1032 2702 arbitraris.
1127 2679 1153 2709 2)
1172 2678 1226 2710 Vql.
1245 2678 1288 2703 <lie
1307 2679 1337 2703 in
1355 2678 1401 2703 der
1419 2677 1643 2710 vorhveryehenden
1663 2677 1696 2702 A.
1719 2677 1894 2709 auyefz'hhrten
1916 2677 2091 2710 Papstbriese.

457 2721 484 2752 3)
505 2721 585 2745 Nirm
605 2720 728 2745 crlzalten.
750 2736 784 2738 —
802 2721 857 2745 Zur
877 2720 961 2745 Sache.
982 2722 1027 2753 syl.
1049 2721 1159 2747 Sobria-s
1177 2722 1205 2747 S.
1220 2722 1308 2754 243j.,·
1330 2723 1428 2752 Perels,
1448 2722 1538 2747 Neues
1556 2721 1657 2747 Archiv
1675 2722 1718 2751 44,
1737 2722 1805 2754 6415.
1907 2723 1934 2753 4)
1954 2721 2036 2747 Nicht
2053 2729 2093 2746 er-

456 2765 561 2794 minelu-
580 2764 625 2789 der
646 2764 801 2796 Besdeucmry
822 2765 876 2789 und
892 2764 937 2789 der
957 2765 1098 2790 bibliechen
1124 2766 1286 2799 Anlehnu'nq
1307 2766 1375 2792 uach
1397 2766 1472 2791 kdme
1496 2766 1598 2798 Reyula
1619 2769 1716 2798 pastor.
1740 2766 1783 2795 ΙΙ,
1805 2766 1830 2796 6,
1853 2766 1948 2798 Miyne
1972 2767 2011 2793 77,
2033 2765 2091 2798 35f.

455 2809 485 2833 in
504 2809 597 2840 fraqe.

2122 795 2148 815 10

2121 1059 2148 1080 15

2119 1590 2146 1611 25

2117 1856 2145 1876 30

2115 2121 2142 2142 35

2117 2387 2145 2406 40

2119 2682 2145 2701 45
