2220 3192
678 216 865 243 HINKMAR
885 216 963 243 VON
984 216 1105 243 REIMS
1124 217 1171 243 99.
1710 215 1750 245 49

103 305 224 337 salubri
243 305 392 337 doctrina
410 309 541 337 constat
564 317 631 337 esse
655 305 829 338 diversum.
856 306 978 338 Eorum
1002 306 1101 338 etiam
1125 306 1312 344 sententias,
1339 306 1395 347 qui
1418 306 1529 337 divina
1554 306 1750 347 dignatione,
1776 307 1951 338 856—857.

103 361 279 400 postquam
304 359 372 400 ipse
397 370 503 390 canon
527 359 670 390 a'beato
700 358 845 391 Gelasio1
869 359 1072 401 conscriptus
1097 363 1155 397 est,
1182 370 1278 390 sensu
1303 362 1336 390 et
1361 359 1509 390 doctrina
1535 359 1695 391 catholica
1720 363 1754 390 et

103 412 279 443 sanctitate
298 412 554 443 conversationis
576 412 609 443 in
632 411 764 444 ecclesia
787 412 966 444 floruerunt
988 416 1022 443 et
1043 412 1085 444 ab
1107 413 1252 454 ipsorum
1275 412 1509 444 ortodoxorum
1531 415 1673 454 patrum,
1697 412 1755 454 qui

101 465 136 495 in
155 465 269 496 eodem
287 476 411 497 canone
430 465 582 496 adnotati
600 469 687 503 sunt,
707 464 795 497 fideli
814 465 890 506 quia
908 465 1069 497 catholica
1088 466 1237 497 doctrina
1256 465 1336 496 nihil
1354 465 1531 503 dissonum,
1552 465 1632 497 nihil
1650 466 1752 497 divei-

62 532 75 551 5
101 528 173 549 sum
202 518 398 559 scripserunt
428 518 480 549 vel
506 518 696 556 docuerunt,
723 519 903 549 reverentia
930 518 1000 560 pari
1026 518 1263 559 amplectimur,
1297 518 1400 550 veluti
1426 518 1619 550 venerabilis
1645 519 1753 550 Bedae

102 570 291 612 presbiteri2
310 582 328 602 a
348 571 513 612 discipulis
532 571 637 602 sancti
655 582 760 613 papae
782 570 947 612 Gregorii⁸
965 571 1125 603 catholica
1144 571 1208 602 fide
1225 571 1345 603 imbuti
1363 575 1396 602 et
1415 583 1434 603 a
1453 576 1565 603 sancto
1585 571 1752 603 Theodoro

102 623 376 665 archiepiscopo4,
398 625 567 666 utriusque
591 624 729 665 linguae,
754 623 873 656 Grecae
898 623 1050 655 videlicet
1073 627 1107 654 et
1132 624 1278 661 Latinae,
1306 625 1408 666 perito
1441 628 1474 656 et
1498 637 1517 656 a
1549 629 1662 657 sancta
1689 625 1751 656 Ro-

101 687 200 708 mana
223 676 355 708 ecclesia
378 677 420 708 ad
443 677 564 718 Anglos
587 681 663 719 post
684 677 858 718 discipulos
881 676 969 708 beati
995 676 1140 717 Gregorii
1162 677 1204 708 ad
1227 677 1441 709 eruditionem
1463 678 1664 716 transmisso,
1688 689 1753 709 non

101 729 307 762 mediocriter
327 730 480 761 instructi
501 741 538 762 ac
553 731 756 762 venerandae
770 730 944 762 memoriae
959 729 1085 761 Paulini
1100 730 1304 771 patriarchae
1319 730 1531 771 Aquileiensis
1546 731 1729 773 parrochiae
1740 731 1753 750 ⁵

48 796 76 816 ιο
100 786 201 824 atque
224 782 376 814 Alcuini⁶
398 783 460 814 viri
481 783 619 824 religiosi
642 786 676 815 et
698 783 797 815 docti.
822 783 968 820 Quorum
990 782 1088 814 fidem
1112 786 1145 813 et
1167 783 1350 814 doctrinam
1373 784 1552 824 apostolica
1575 785 1665 815 sedes
1689 785 1752 815 Ro-

101 847 200 867 mana
228 847 295 867 non
321 835 426 868 solum
455 836 682 878 benignissime
709 836 905 878 acceptavit,
934 846 1047 867 verum
1075 839 1108 866 et
1135 835 1247 867 multis
1274 835 1425 867 laudibus
1452 837 1581 874 extulit,
1610 838 1693 868 sicut
1720 838 1753 868 in

103 889 231 931 scriptis
258 889 360 930 ipsius
388 893 521 921 sanctae
549 890 633 920 sedis
661 889 854 926 invefflmus,
884 899 968 929 quae
996 888 1146 919 ecclesiae
1176 892 1305 920 nostrae
1334 888 1376 920 ab
1405 890 1520 921 eadem
1548 890 1754 922 ecclesiarum

102 946 206 973 matre
234 947 430 984 acceperunt
456 947 602 984 tempore
630 943 725 974 divae
752 942 925 974 memoriae
949 941 1061 973 Karoli
1089 941 1293 982 imperatoris
1303 942 1325 978 7,
1355 943 1486 983 quando
1515 943 1668 974 sinodus8
1695 954 1751 984 pro

103 995 232 1036 cognita
252 995 463 1027 infidelitatea
478 995 614 1027 Felicis⁹
630 999 678 1026 est
698 995 812 1027 habita
833 999 866 1026 et
886 995 928 1026 ad
944 995 1129 1026 Romanam
1150 994 1316 1026 ecclesiam
1337 995 1428 1026 velut
1448 996 1489 1026 ad
1510 996 1636 1036 apicem
1656 996 1752 1027 eccle-

50 1062 76 1081 15
104 1048 223 1080 siarum
248 1049 448 1080 transmissa.
477 1047 540 1080 Sed
565 1053 598 1079 et
622 1059 733 1080 eorum
757 1048 878 1089 scripta
903 1048 959 1088 qui
983 1047 1071 1087 legit,
1097 1059 1197 1088 quam
1222 1048 1287 1078 sint
1311 1047 1476 1079 laudanda
1501 1052 1535 1079 et
1559 1049 1751 1090 recipienda,

104 1101 275 1142 intellegit.

185 1155 334 1196 Denique
362 1155 388 1185 si
415 1154 542 1192 talium,
572 1158 609 1185 ut
635 1154 787 1191 diximus,
816 1153 986 1184 sententiis
1013 1154 1202 1185 concordari
1229 1153 1384 1194 capitula,
1414 1164 1497 1195 quae
1525 1155 1752 1195 excerpsimus,

103 1207 325 1239 demonstrare
340 1219 406 1239 non
422 1208 632 1250 potuerimus,
653 1207 760 1249 parati
775 1218 886 1238 sumus
901 1206 1100 1238 doctioribus
1120 1210 1154 1237 et
1168 1206 1336 1238 catholicis
1350 1217 1462 1238 aurem
1477 1208 1721 1239 accommodare
1730 1212 1751 1244 υ,

104 1272 233 1292 sensum
259 1261 396 1292 subdere
422 1265 456 1292 et
481 1261 547 1292 sine
567 1261 775 1292 contentione
801 1270 860 1291 nos
879 1260 1045 1291 doctrinae
1072 1259 1199 1291 illorum
1225 1259 1378 1291 subicere.
1407 1260 1450 1291 Et
1476 1261 1552 1301 quia
1577 1260 1755 1292 libellum¹⁰

50 1327 77 1346 20
103 1314 142 1345 de
170 1314 286 1345 scrinio
315 1314 418 1346 bonae
446 1314 619 1346 memoriae
646 1313 755 1345 fratris
782 1313 903 1344 vestric
932 1312 1097 1344 Hlotharii
1124 1313 1191 1344 sine
1219 1313 1348 1344 nomine
1375 1314 1517 1344 auctoris
1544 1314 1751 1355 suscepimus,

103 1367 135 1398 in
156 1378 220 1408 quo
241 1367 426 1408 sigillatimd
446 1378 502 1409 per
521 1367 590 1398 loca
610 1366 735 1408 singula
755 1366 899 1408 capitula
919 1378 938 1397 a
958 1365 1050 1397 nobis
1066 1370 1219 1407 excerpta
1239 1370 1316 1396 suut
1331 1366 1437 1407 posita.
1457 1370 1490 1397 et
1509 1377 1640 1398 assensu
1658 1366 1752 1404 illius,

103 1420 315 1461 quiscumque
336 1420 387 1451 ille
407 1420 514 1457 fuerit,
534 1419 725 1461 reprehensa
745 1423 821 1450 sunt
840 1423 873 1450 et
892 1419 1083 1461 dampnata,
1103 1430 1178 1451 cum
1197 1419 1237 1450 de
1255 1419 1490 1451 catholicorum
1508 1423 1640 1460 patrum
1659 1420 1753 1451 dictis

102 1478 214 1505 nostra
238 1473 394 1515 capitula,
420 1474 446 1505 si
470 1473 658 1515 poterimus,
684 1472 874 1504 confirmare
899 1472 1095 1509 curabimus,
1121 1472 1221 1513 ipsius
1246 1472 1346 1503 etiam
1371 1473 1632 1514 reprehensiones
1656 1484 1753 1514 pone-

102 1538 175 1558 mus
198 1530 231 1558 et
253 1538 307 1558 eas
320 1534 342 1564 Ε,
368 1530 530 1568 quantum
552 1526 711 1558 Dominus
734 1525 871 1563 dederit,
895 1526 1065 1557 confutare
1089 1525 1304 1557 studebimus.
1329 1525 1418 1557 Tunc
1442 1526 1573 1557 demum
1597 1537 1754 1567 ponemus

50 1592 76 1611 25
103 1580 142 1611 de
166 1579 311 1621 capitulo
331 1581 534 1612 confratrum
553 1583 740 1611 nostrorum
765 1579 924 1620 quintoll⁷
945 1579 1030 1610 unde
1056 1582 1169 1610 notam
1195 1578 1288 1610 nobis
1314 1579 1407 1620 quasi
1431 1579 1530 1610 tacite
1556 1582 1589 1610 et
1613 1591 1629 1610 e
1654 1579 1753 1610 latere

105 1633 332 1675 impegerunt‘.
364 1634 473 1675 quodg
509 1634 541 1664 in
575 1631 777 1665 Gothescalci
807 1632 936 1673 scriptis
965 1632 1158 1669 invenimus,
1190 1636 1366 1673 postquam
1397 1635 1559 1673 quatuor¹¹
1588 1631 1755 1673 capitulah

104 1697 198 1728 saepe
222 1690 403 1718 memorata
429 1686 655 1728 excerpsimus,
682 1690 714 1717 et
740 1686 819 1726 quid
844 1686 919 1716 inde
944 1686 1133 1722 sentiamus,
1160 1685 1301 1717 Domino
1326 1685 1506 1726 inspirante
1531 1685 1685 1717 dicemus.
1711 1685 1755 1716 Et

105 1739 149 1770 sic
173 1740 309 1771 tandem
333 1740 527 1772 subiciemus
550 1739 604 1770 illa
630 1740 661 1770 X
686 1742 719 1770 et
745 1738 865 1770 VIIII¹
889 1738 1076 1780 capitulam,
1110 1749 1167 1780 pro
1194 1738 1312 1780 quibus
1337 1739 1376 1769 de
1403 1741 1567 1769 Scottorum
1594 1738 1754 1777 pultibus¹³

0 1830 3 1839 ι
104 1793 283 1824 confratres
304 1793 407 1824 nostri
428 1793 495 1824 sine
516 1792 611 1834 culpa
634 1796 744 1823 nostra
767 1793 799 1823 in
822 1792 881 1823 hac
904 1792 1081 1824 dumtaxat
1102 1803 1199 1823 causa
1222 1803 1280 1822 nos
1302 1802 1432 1833 pascere
1454 1792 1698 1828 decreverunt11‚
1722 1795 1754 1822 et

1 1843 2 1846 ¹
51 1858 78 1877 80
105 1846 191 1885 quod
216 1847 255 1877 de
278 1846 398 1878 eisdem
421 1846 572 1887 capitulis
595 1846 782 1882 sentiamus,
807 1857 846 1876 ex
870 1845 1104 1877 catholicorum
1128 1849 1260 1886 patrum
1283 1845 1429 1876 sensibus
1452 1845 1670 1876 ostendemus.

188 2277 210 2303 ὃ)
229 2274 379 2298 infelicitate
404 2276 425 2297 1.
530 2273 553 2303 ι>)
573 2274 753 2297 πυυῐυιῃοόἃϊθ
770 2275 791 2298 Ι,
809 2275 832 2297 ἕ.
933 2274 956 2301 c)
974 2273 1056 2296 nostri
1080 2274 1102 2295 l.
1205 2271 1229 2301 t¹)
1248 2271 1398 2302 singillatim
1422 2270 1467 2295 lb.
1570 2272 1593 2300 e)
1611 2278 1654 2294 eos
1684 2272 1705 2295 1.
1729 2272 1751 2294 2.

106 2316 125 2347 ἶ)
145 2319 275 2349 impegerit
301 2320 322 2342 1.
411 2322 433 2347 g)
452 2319 515 2349 quid
537 2320 560 2343 2.
647 2317 671 2343 h)
689 2317 803 2348 capitula
823 2321 935 2347 quatuor
952 2317 975 2341 2.
995 2317 1018 2340 3.
1103 2314 1121 2342 ἰ)
1140 2324 1185 2339 sex
1202 2317 1226 2340 2.
1314 2314 1338 2345 Β)
1357 2315 1497 2338 des-reverit
1518 2314 1557 2338 1¹².

199 2451 223 2481 l)
245 2450 395 2475 4922-496.
412 2450 468 2483 Vql.
488 2450 553 2475 oben
572 2451 600 2475 S.
614 2450 647 2475 415*
664 2449 718 2474 'md
731 2450 765 2474 A.
779 2449 803 2474 6.
907 2449 933 2479 2)
954 2448 969 2480 γ’·
984 2448 1043 2473 735.
1145 2448 1171 2479 3)
1192 2448 1217 2472 I.
1239 2447 1422 2480 (590—0'04).
1524 2448 1552 2477 4)
1570 2447 1624 2472 Von
1645 2446 1753 2471 Canter-

55 2503 82 2522 35
107 2494 175 2527 bury
194 2494 224 2527 (†
241 2494 320 2527 690).
432 2495 459 2525 5)
480 2495 495 2527 γ’·
516 2494 577 2519 802.
672 2495 699 2525 6)
720 2493 748 2518 S.
769 2493 831 2518 oben
852 2493 879 2518 S.
895 2492 928 2517 14
948 2492 983 2518 A.
996 2492 1021 2517 2.
1116 2493 1143 2523 7)
1165 2492 1249 2517 Karzs
1268 2491 1314 2516 des
1332 2491 1446 2524 Grossen.
1542 2492 1569 2522 8)
1588 2491 1630 2515 Zu
1648 2490 1752 2515 Frank-

107 2538 161 2569 jurt
182 2538 242 2568 794,
262 2538 326 2564 MG.
347 2538 427 2564 (sono.
440 2538 484 2568 II,
502 2538 589 2572 1105.
690 2539 717 2569 9)
740 2538 773 2563 Β.
794 2546 842 2562 ron
861 2537 948 2569 [VJ-921,
963 2537 1089 2562 Vertreter
1107 2536 1153 2561 des
1168 2536 1332 2569 spanischen
1352 2535 1590 2568 Adoptianismus.
1613 2535 1669 2566 Vql.
1685 2534 1751 2559 daza

109 2582 215 2611 Hauck,
231 2582 495 2615 Kz‘rchenqesclzichte
510 2582 708 2608 Deutschlands
719 2582 776 2607 II3·
792 2582 811 2611 ⁴,
827 2581 913 2614 307ff.
926 2589 935 2609 ,·
960 2580 996 2605 H.
1014 2589 1061 2605 von
1079 2580 1215 2610 Schubert,
1236 2580 1387 2605 Geschficlzte
1404 2579 1450 2604 der
1468 2579 1637 2604 christlicheu
1654 2577 1753 2604 Kirche

110 2626 147 2651 im
167 2626 392 2652 Fruhmittelalter
418 2627 447 2653 S.
460 2627 547 2660 379ff.
690 2627 733 2657 10)
753 2626 803 2651 ‘Dr
823 2624 935 2650 tenenda
956 2624 1125 2650 inimicabiliter
1143 2625 1293 2657 scripturae
1312 2623 1438 2651 veritate’,
1458 2623 1554 2655 Miqne
1571 2623 1631 2652 121,
1649 2622 1752 2655 1083ff.

106 2670 161 2701 Vqr.
189 2679 250 2695 zum
276 2671 414 2704 folqenclen
441 2671 552 2697 Schrii'rs
579 2672 608 2696 S.
628 2671 680 2696 128
686 2671 714 2704 ff.
833 2670 875 2700 ll)
894 2669 1005 2695 Valenoe
1027 2678 1048 2694 c.
1062 2669 1087 2697 5,
1112 2669 1210 2694 Mami
1223 2668 1281 2698 XV,
1299 2668 1338 2700 ὀί.
1453 2667 1495 2698 12)
1513 2667 1569 2699 Vyl.
1593 2667 1658 2692 oben
1677 2665 1753 2691 ,5145

56 2724 83 2742 40
110 2714 143 2739 A.
163 2714 208 2739 11.
339 2715 382 2746 13)
403 2715 565 2749 Hieronym.
587 2716 685 2748 prolog).
715 2715 741 2739 ιῖη
771 2714 816 2739 lib.
831 2714 854 2739 I.
880 2715 1018 2738 ammonent.
1046 2713 1076 2738 in
1106 2713 1235 2742 Hierem,
1257 2713 1336 2745 s'orp.
1366 2711 1478 2737 Vimlob.
1492 2711 1537 2741 59,
1558 2711 1582 2735 4.
1610 2710 1666 2742 Vyl.
1685 2709 1752 2734 auch

109 2757 217 2791 Synode
231 2767 282 2784 von
296 2759 407 2785 Valenoe
420 2768 441 2785 c.
456 2759 473 2785 6
491 2759 605 2792 (immisi
622 2758 682 2785 XV.
701 2759 748 2791 6).·
776 2758 981 2790 Scotorumque
999 2756 1102 2790 pultes.

198 2807 363 2833 Eas-form
380 2808 464 2834 VIII.
1526 2805 1541 2828 7
