2220 3192
324 306 396 334 867.

212 418 261 441 ναὶ.
271 419 337 439 Prov.
345 418 381 443 27,
390 420 410 438 6.

425 214 486 241 218
995 212 1181 238 HINKMAR
1202 213 1278 239 VON
1300 213 1419 239 REIMS
1443 215 1502 240 199.

424 303 532 335 mitati
550 306 675 333 vestrae
695 304 826 332 constat
851 301 1079 341 incongruum,
1100 301 1290 342 praesertim
1307 313 1385 333 cum
1404 306 1478 343 post
1498 301 1605 333 multa
1624 301 1841 342 pusillitatem
1861 309 1969 333 meam
1987 303 2067 333 refo-

420 360 533 388 ventes
556 354 633 386 mihi
653 354 788 385 scribere
804 353 931 394 dignati
952 354 1089 390 fueritis,
1109 354 1286 386 dicentesl:
1308 359 1386 385 Haec
1405 367 1441 385 ne
1461 367 1511 384 nos
1531 358 1676 385 arbitreris
1695 358 1732 384 ad
1750 358 1902 385 discrimen
1922 359 2069 392 quodlibet

426 416 492 440 tuae
515 411 678 438 sanctitatis
701 410 746 436 vel
770 411 919 444 dignitatis
942 419 1134 445 exaggerasse,
1159 420 1224 437 cum
1248 411 1365 438 meliora
1387 420 1446 437 esse
1471 412 1588 438 vulnera
1611 411 1754 445 diligentis
1778 419 1865 445 quam
1887 411 2069 438 fraudulenta

421 466 563 492 odientis
585 464 681 489 oscula
703 472 761 489 non
783 464 899 490 nescias.
934 460 1087 491 Ceterum
1108 461 1267 502 quoniam
1290 465 1422 503 propter
1446 461 1567 492 multas
1589 464 1623 491 et
1646 460 1808 492 maximas
1829 471 1866 492 ac
1890 472 1971 503 pene
1993 472 2068 492 con-

421 516 531 546 tinuas
553 513 781 544 infestationes
804 524 1007 554 paganorum
1029 517 1128 555 atque
1151 514 1309 546 falsorum
1332 514 1603 551 Christianorum,
1626 524 1708 555 quas
1731 514 1889 555 patimur,
1910 514 2067 546 continue
2096 524 2108 542 5

422 566 643 600 laborantibus
660 570 758 597 antea
775 566 937 608 episcopis
954 567 1124 607 regionum
1143 571 1330 599 nostrarum
1346 568 1381 598 in
1400 578 1505 598 unum
1521 567 1694 598 convenire
1713 577 1778 598 non
1795 566 1900 604 licuit,
1920 571 1958 598 ut
1975 567 2069 599 nobis

419 620 639 652 communiter
655 623 780 650 vestrae
797 620 983 651 sanctitatis
999 620 1137 662 epistola
1152 621 1373 652 communiter
1391 620 1510 652 missa2
1526 619 1718 660 relegeretur
1733 623 1778 657 et,
1795 620 1881 651 sicut
1895 620 2067 655 iussistisss,

420 685 616 711 quaecumque
632 685 717 710 super
732 676 785 703 hac
802 685 839 707 re.
857 673 894 704 de
911 684 977 714 qua
993 673 1112 715 agitur,
1129 678 1237 712 scripta
1252 680 1313 704 tam
1330 687 1348 703 a
1362 677 1448 703 vobis
1465 677 1543 710 prius
1558 679 1588 702 et
1604 685 1679 703 nunc
1697 685 1784 710 quam
1800 687 1817 704 a
1832 677 1918 704 nobis
1934 677 2012 704 edita
2028 686 2068 703 re-

421 731 586 766 periunturss
596 733 626 756 et
642 730 710 763 quid
726 726 800 757 inde
816 726 986 758 humilitas
1004 738 1075 758 mea
1091 733 1121 756 et
1135 731 1175 756 illi
1191 731 1292 757 deiecti
1309 731 1401 757 clerici
1417 730 1476 756 sedi
1492 730 1664 764 apostolicae
1680 731 1911 764 suggesserimus
1927 725 1979 758 vel
1994 733 2068 756 retu-

420 785 560 814 lerimus,
580 784 610 809 in
629 783 764 809 volumen
783 791 872 809 111111111
890 783 998 814 ordine,
1019 792 1074 817 quo
1095 784 1181 810 missa
1199 786 1276 814 sunt,
1296 784 1506 817 redigerentur
1524 786 1555 809 et
1573 783 1745 817 apostolicae
1764 783 1833 814 sedi,
1853 786 1887 810 ut
1906 786 2070 818 competens
2098 789 2123 807 10

419 840 472 868 est,
494 845 592 863 eorum
613 836 699 862 nobis
720 836 930 871 exemplaribus
950 838 1109 868 reservatis,
1132 845 1243 863 summo
1264 837 1360 863 studio
1380 837 1605 871 dirigerentur.
1636 833 1755 864 Nunc4
1775 833 1811 864 in
1831 832 1941 874 aliqua
1963 833 2070 874 regnih

422 890 514 929 parte
534 885 783 927 aliquantulum
803 887 842 917 de
864 897 1068 927 paganorum
1090 887 1299 917 infestatione
1321 886 1530 928 respirantes,
1552 886 1607 917 sed
1627 885 1768 917 aliarum
1788 886 1999 918 anxietatum
2019 897 2069 927 ge-

422 940 557 972 mitibus
577 939 765 971 laborantes
784 943 818 970 et
836 939 941 971 adhuc
961 940 1107 980 graviora
1126 951 1209 981 quae
1230 939 1408 971 imminent
1428 942 1612 970 metuentes
1632 943 1665 970 et
1684 939 1800 970 fratres
1819 943 1867 970 ete
1887 939 2071 981 coepiscopi

421 993 522 1025 nostri
537 992 740 1024 devotissimi
757 992 814 1024 filii
828 993 929 1024 vestri
943 1004 1027 1034 quae
1042 993 1181 1024 iussistis
1193 993 1216 1029 ⁵,
1232 991 1382 1024 videlicet
1396 996 1432 1022 de
1447 996 1573 1022 Ebom‘sd
1587 996 1744 1022 deiectione
1759 996 1792 1023 et
1807 993 1845 1024 de
1860 992 1964 1034 ipsius
1979 993 2069 1024 resti-

419 1047 547 1078 tutione
565 1057 602 1077 ac
622 1046 733 1077 fratris
750 1045 882 1077 Vulfadi
900 1050 934 1077 et
950 1045 1149 1087 collegarum
1166 1046 1236 1077 eius
1255 1050 1432 1084 promotione
1450 1052 1480 1075 et
1497 1046 1535 1077 de
1555 1046 1694 1087 praefati
1714 1049 1840 1075 Ebonisd
1856 1050 1962 1077 iterata
1979 1049 2070 1084 repul·
2098 1053 2124 1072 15

419 1106 497 1130 sione
512 1103 611 1141 atque
629 1103 665 1129 ad
681 1103 767 1129 aliam
783 1103 948 1129 eeclesiame
965 1104 1144 1137 migratione,
1160 1099 1215 1130 sed
1230 1102 1263 1130 et
1277 1110 1361 1140 quae
1377 1099 1416 1130 de
1431 1098 1635 1130 ordinatione
1653 1109 1724 1130 mea
1739 1102 1980 1140 compererunt,
1997 1110 2070 1130 exe-

418 1154 476 1195 qui
495 1153 604 1184 studio
625 1152 711 1184 fideli
731 1157 922 1194 procurant,
943 1157 976 1183 et
994 1152 1129 1184 humilis
1151 1163 1221 1184 mea
1240 1152 1380 1183 servitus
1399 1153 1438 1183 (10
1457 1152 1517 1189 his,
1537 1163 1621 1193 quae
1641 1152 1832 1193 indignitati
1853 1163 1942 1184 meae
1961 1156 2070 1184 vestra

419 1207 550 1248 scripsit
571 1206 729 1248 dignatiO,
754 1207 846 1237 omni
868 1206 1058 1237 humilitate
1081 1209 1138 1237 ac¹
1163 1206 1307 1247 puritate
1330 1205 1515 1247 conscripta
1539 1205 1599 1242 his,
1623 1216 1707 1246 quae
1730 1205 1922 1237 auctoritati
1944 1210 2071 1237 vestrae

418 1260 562 1292 collectis
582 1259 739 1300 dirigunt,
761 1259 988 1300 subiungenda
1010 1263 1043 1290 et
1063 1260 1262 1300 suggerenda
1282 1262 1382 1300 atque
1404 1259 1593 1300 perferenda
1614 1259 1796 1290 secundum
1814 1262 1960 1290 vestram
1980 1270 2070 1300 prae-

419 1314 605 1355 ceptionem
626 1313 672 1344 015
694 1313 834 1354 porrexi.
2098 1319 2124 1337 2⁰

511 1371 553 1396 Dc
567 1370 671 1396 dilecto
684 1365 807 1397 scilicet
820 1369 908 1395 fratre
922 1371 1020 1395 nostro
1035 1369 1157 1394 Vulfado
1171 1372 1201 1394 et
1213 1369 1272 1394 eius
1286 1368 1407 1402 collegis,
1421 1368 1456 1394 de
1471 1368 1573 1402 quibus
1588 1368 1657 1394 mihi
1671 1377 1783 1394 summa
1796 1369 1945 1402 dignitatis
1958 1371 2071 1394 vestrae

420 1424 576 1450 auctoritas
596 1431 668 1456 quae
688 1423 741 1448 sibi
762 1423 870 1457 placuit
890 1422 1014 1456 scripsit:
1036 1419 1096 1449 deg
1111 1418 1248 1459 quibu&3
1269 1422 1339 1448 nihil
1360 1422 1437 1448 aliud
1458 1422 1606 1448 sanctitati
1627 1424 1738 1448 vestrae
1758 1422 1878 1448 scribere
1899 1430 2070 1456 praesumo,

421 1478 474 1503 nisi
494 1477 570 1510 quod
589 1476 796 1510 increpationes
815 1478 925 1501 vestras
944 1484 1002 1501 non
1022 1475 1210 1509 neglegenter,
1230 1475 1278 1501 sed
1298 1475 1449 1509 diligenter
1467 1475 1590 1509 suscipio
1609 1477 1639 1500 et
1658 1475 1870 1509 praeceptiones
1889 1475 2073 1501 oboedienter

419 1531 551 1556 obaudio.
576 1530 614 1555 Et
631 1531 697 1563 quia
712 1524 790 1555 illish
806 1529 933 1555 sufficere
949 1529 1035 1554 debet
1052 1528 1231 1562 praestabilis
1248 1529 1428 1555 auctoritatis
1444 1531 1555 1555 vestrae
1572 1528 1742 1562 benignitas,
1758 1531 1788 1554 et
1805 1528 1874 1554 mihi
1891 1528 2073 1555 abundanter

419 1584 551 1611 sufficiet.
570 1584 592 1608 si
611 1583 836 1609 satisfactionem
854 1582 1025 1608 humilitatis
1045 1590 1122 1607 meae
1141 1582 1326 1615 suscipientes
1345 1582 1456 1608 credere
1474 1582 1584 1615 dignati
1602 1582 1713 1608 fueritis
1739 1590 1783 1608 me
1809 1581 1890 1608 vobis
1908 1582 2073 1616 simpliciter
2098 1584 2126 1602 25

418 1645 455 1665 ac
474 1633 630 1664 veraciter
648 1633 721 1664 inde
741 1636 890 1670 scripsisse.
929 1636 1003 1661 Nam
1020 1635 1176 1661 secundum
1194 1635 1391 1661 ordinatorum
1410 1643 1536 1661 meorum
1555 1635 1794 1669 praeceptionem,
1814 1635 1862 1668 qui
1881 1631 1915 1662 in
1932 1629 2071 1662 Ebonis¹

419 1687 596 1718 deiectione
618 1686 752 1716 fuerunt
772 1690 805 1717 et
826 1689 895 1714 mihi
916 1688 1037 1715 necdum
1056 1688 1168 1714 duobus
1188 1689 1296 1714 exactis
1317 1688 1460 1714 mensibus
1481 1691 1546 1722 post
1565 1688 1777 1714 ordinationem
1798 1696 1891 1714 meam
1910 1688 1941 1714 in
1962 1688 2072 1722 synodo

421 1744 497 1778 apud
521 1743 621 1769 Meldis
644 1743 792 1769 civitatem
815 1742 914 1768 habita
936 1744 1142 1776 praeceperunt
1163 1744 1281 1768 eatenus
1303 1742 1454 1775 ignoranti.
1478 1741 1555 1775 quod
1579 1742 1640 1767 Ebo
1664 1744 1729 1775 post
1750 1737 1965 1768 deiectionem
1988 1750 2073 1767 suam

421 1797 531 1830 aliquos
549 1798 579 1822 in
594 1796 727 1822 Remensi
746 1790 887 1823 ecclesiak
905 1795 1089 1825 ordinaverit,
1109 1797 1142 1821 ut
1159 1796 1199 1821 eis
1218 1803 1329 1821 mecum
1346 1803 1436 1827 usque
1455 1795 1491 1820 ad
1510 1794 1718 1828 diligentiorem
1735 1797 1894 1821 tractatum
1912 1795 2072 1821 ministrare

422 1859 478 1876 non
496 1850 701 1884 permitterem,
718 1850 769 1883 egi.
799 1849 840 1874 Et
857 1849 910 1874 1100
928 1849 1023 1882 ipsum
1039 1849 1146 1874 eisdem
1162 1848 1298 1874 fratribus
1315 1848 1483 1874 decernente
1501 1848 1715 1882 Carthaginensi
1734 1848 1860 1878 concilio,
1878 1850 1911 1873 ut
1934 1847 2073 1874 ordinatis
2098 1850 2125 1868 30

419 1904 558 1937 episcopis
579 1903 625 1929 vel
646 1903 752 1929 clericis
774 1903 852 1936 prius
873 1902 910 1928 ab
931 1901 1142 1927 ordinatoribus
1163 1902 1220 1927 suis
1241 1901 1346 1935 placita
1368 1901 1549 1927 conciliorum
1570 1901 1686 1927 auribus
1706 1910 1805 1927 eorum
1824 1901 2015 1927 inculcenturs
2037 1910 2072 1927 ne

421 1966 450 1983 se
468 1956 575 1990 aliquid
592 1960 692 1983 contra
708 1959 821 1982 statuta
842 1955 951 1982 concilii
967 1955 1065 1981 fecisse
1083 1956 1257 1989 paeniteant,
1274 1963 1324 1989 per
1340 1954 1495 1980 Pardulum
1511 1956 1580 1980 tunc
1596 1955 1749 1980 diaconum
1766 1955 1914 1980 Remensis
1930 1954 2071 1985 eeclesiae,

420 2012 469 2044 qui
489 2010 620 2036 interfuit
640 2010 759 2043 synodo,
782 2009 1002 2035 mandaverunt.

509 2060 558 2091 Ab
576 2060 691 2091 eadem
710 2063 825 2090 autem
844 2059 967 2099 synodo
988 2057 1172 2089 Pardulus⁶
1198 2067 1327 2088 mecum
1348 2056 1460 2088 Remis
1491 2067 1637 2087 reversus
1660 2057 1782 2088 eisdem
1807 2056 1974 2093 fratribus,
1999 2055 2073 2097 qui¹

424 2113 593 2144 nobiscum
612 2116 707 2143 erant
727 2116 760 2143 et
779 2113 817 2144 de
837 2111 957 2153 quibus
976 2111 1145 2152 agebatur,
1165 2111 1236 2147 hoc,
1256 2110 1344 2151 quod
1365 2110 1443 2141 1111111
1463 2113 1700 2151 praeceperunt
1718 2110 1874 2151 episcopi,
1894 2109 2010 2142 retulit
2028 2114 2072 2146 et,
2099 2116 2125 2134 ³5

424 2171 460 2197 ut
475 2178 539 2197 non
552 2166 586 2196 in
599 2166 763 2207 gradibus,
777 2176 859 2207 quos
871 2165 912 2196 ab
924 2165 1037 2196 Ebone
1052 2167 1126 2205 post
1138 2163 1377 2205 depositionem
1390 2174 1485 2194 suam
1497 2166 1700 2204 acceperant,
1717 2163 1953 2199 ministrarent,
1970 2173 2073 2204 usque

421 2220 462 2250 ad
475 2219 715 2259 diligentiorem
729 2222 912 2250 tractatum
922 2218 1142 2254 observarent,
1156 2216 1363 2258 praeoepitm.
1389 2216 1502 2247 Frater
1514 2216 1641 2258 quippe
1650 2215 1812 2247 Vulfadus
1824 2216 1930 2247 adhuc
1947 2227 2073 2247 mecum

424 2284 488 2303 non
508 2277 588 2307 erat,
611 2273 666 2303 sed
688 2276 763 2314 post
784 2271 892 2313 plures
907 2271 1057 2303 evolutos
1074 2281 1211 2307 menses,
1227 2270 1253 2301 si
1274 2270 1334 2301 rite
1356 2269 1518 2307 remetior,
1540 2273 1722 2310 antequam
1743 2269 1807 2300 fere
1827 2269 1906 2300 anni
1927 2269 2072 2310 spatium

422 2325 651 2366 compleretur,
667 2326 705 2356 de
721 2325 784 2356 alia
801 2325 965 2367 provintia
984 2325 1025 2355 ad
1046 2335 1095 2355 1110
1110 2324 1245 2355 veniens
1260 2334 1337 2354 cum
1351 2323 1553 2363 benignitate
1573 2326 1622 2353 est
1641 2326 1674 2353 et
1691 2333 1769 2353 cum
1787 2322 1984 2353 liberalitate
2004 2333 2071 2352 sus—

510 2461 533 2487 a)
552 2458 618 2482 Verb.
639 2466 685 2481 aus
705 2459 889 2489 repperiuntur
908 2458 937 2482 C.
1026 2457 1050 2487 ¹³)
1073 2453 1227 2488 Uberqeschr.
1248 2457 1277 2481 C.
1363 2460 1386 2485 c)
1405 2464 1433 2480 ac
1453 2457 1483 2480 0.
1571 2455 1596 2486 d)
1615 2455 1731 2480 Ebbonis
1750 2455 1779 2479 C.
1866 2457 1889 2485 e)
1906 2455 2026 2485 eclesiam
2046 2456 2075 2480 G.
2104 2460 2126 2478 10

429 2504 447 2529 ¹)
467 2512 478 2525 (-
496 2502 645 2533 Υἱὶίκνρεδοῖιν,
656 2503 685 2526 G.
773 2504 796 2531 ἕ)
815 2503 849 2526 So
868 2503 898 2528 B,
910 2502 938 2525 C.
1024 2501 1049 2531 ι1)
1068 2510 1080 2525 5
1096 2502 1246 2532 ϋὺετῃεεεῆν.
1257 2502 1285 2525 C.
1372 2499 1390 2527 ¹)
1410 2501 1525 2525 Ebbonis
1535 2501 1564 2524 O.
1648 2498 1675 2529 k)
1692 2499 1784 2529 eclesia
1794 2500 1823 2523 G.
1909 2497 1928 2529 l)
1947 2501 1954 2523 i
1971 2500 2033 2523 verb.
2044 2500 2073 2523 O.

429 2550 448 2563 ¹1¹
457 2553 461 2572 )
480 2548 624 2577 praecoepit
646 2546 674 2569 (Ὺ.

520 2636 544 2665 l)
566 2634 632 2659 MG.
653 2634 741 2667 Epist.
760 2634 806 2661 Vl,
822 2634 897 2665 429]-
918 2634 967 2658 NT.
982 2634 1016 2659 SO
1032 2634 1124 2666 (ιῘ--Ε
1138 2634 1237 2666 2823).
1258 2649 1292 2652 -
1309 2634 1338 2659 S.
1352 2633 1421 2659 auch
1437 2633 1502 2658 oben
1519 2632 1569 2658 NT.
1584 2632 1635 2657 193¹
1651 2632 1680 2658 S.
1693 2632 1746 2657 216
1760 2632 1791 2656 Z.
1807 2632 1846 2664 7f.
1960 2632 1987 2663 2)
2008 2631 2071 2657 MG.

429 2679 516 2711 Epist.
538 2678 586 2707 Vl,
611 2679 697 2711 414ff.
729 2678 778 2703 Nr.
803 2678 835 2703 79
867 2678 1071 2711 (J.-E.3822).
1208 2679 1235 2710 3)
1256 2678 1321 2704 MG.
1351 2677 1440 2710 Epist.
1461 2677 1510 2707 VJ,
1530 2676 1582 2702 419
1605 2676 1634 2701 Z.
1648 2676 1717 2709 1825.
1744 2676 1794 2701 ΝΤ.
1809 2676 1842 2701 79
1869 2675 2071 2708 (J.-E.2322).

428 2724 454 2753 4)
473 2722 528 2754 Vyl.
549 2731 581 2747 τι(
600 2722 699 2747 dic-sem
719 2722 755 2746 ⁷⁴⁷7]
776 2722 1015 2754 Zusammenhanq
1034 2723 1083 2747 mit
1101 2722 1166 2747 oben
1183 2722 1213 2747 Z.
1228 2722 1280 2755 aiff.
1300 2722 1346 2754 fiir
1363 2721 1406 2747 die
1421 2721 1661 2752 Zeitbestimmu‘nq
1677 2728 1728 2745 von
1740 2720 1790 2746 ΝΤ.
1804 2719 1856 2746 199
1877 2719 2073 2752 massqablicheoz
2099 2724 2125 2743 45

427 2767 503 2791 Salze.
525 2766 589 2791 oben
617 2766 644 2791 S.
659 2767 710 2792 205
733 2766 805 2791 A.1.
928 2768 955 2798 5)
980 2766 1034 2798 Vql.
1060 2766 1123 2792 MG.
1148 2767 1236 2799 Epist..
1256 2766 1304 2793 Vl.
1318 2766 1369 2791 419
1389 2765 1418 2790 Z.
1436 2765 1504 2798 1215.
1524 2765 1573 2790 Nr.
1589 2764 1622 2789 79
1648 2764 1739 2797 (J.-E.
1753 2764 1849 2797 2822).
1971 2764 1998 2794 6)
2016 2763 2070 2795 qu.

428 2811 477 2835 Nr.
496 2810 542 2835 798
565 2810 663 2836 &212
684 2811 713 2835 Z.
728 2810 762 2835 :28
780 2810 836 2835 *und
855 2811 888 2835 A.
907 2810 946 2835 14.
