2220 3192
343 325 415 355 8613,

298 1450 348 1471 Gal.
359 1451 378 1473 2,
391 1450 424 1469 18.

280 1663 345 1683 Prov.
358 1664 379 1685 8,
391 1663 424 1682 15.

447 233 505 260 176
1009 228 1195 254 HINKMAR
1215 226 1293 253 VON
1314 226 1434 253 REIMS
1456 227 1515 253 184.

443 322 607 364 petierunt
622 320 791 355 iudicium,
809 318 989 348 secundum
1005 327 1111 347 sacros
1125 315 1281 346 canones¹
1299 315 1477 346 electorum
1492 325 1534 345 ex
1548 325 1708 346 consensu
1725 315 1873 356 partium
1888 315 2085 347 diffinitione

442 376 528 406 fuere
549 373 674 404 deiecti.

529 427 573 458 Et
586 426 701 456 idcirco
715 423 854 454 aliorum
868 433 951 463 opus
964 421 999 452 in
1013 420 1144 452 illorum
1158 420 1365 452 restitutione
1377 419 1566 451 nullatenus
1581 431 1738 462 usurpare
1752 421 1968 462 praesumpsi.
1990 421 2084 459 Quia,

441 481 525 511 sicut
540 478 640 514 scitis,
656 476 782 517 regulae
799 486 906 506 sacrae
925 485 1026 515 usque
1043 474 1084 505 ad
1100 473 1242 505 similem
1259 474 1480 504 excusationis
1493 474 1676 505 vindictam
1692 474 1872 505 decernunt
1880 474 1903 511 2,
1920 480 1955 504 ut
1971 478 2007 504 ab
2024 477 2086 505 aliis

440 536 568 562 deiecti
586 534 622 560 ab
640 534 701 560 aliis
719 541 775 559 non
793 532 975 566 recipiantur,
996 527 1130 558 minime
1148 530 1262 558 autem
1280 527 1510 564 restituantur,
1529 527 1584 558 sed
1601 530 1662 558 aut
1679 527 1857 558 eorundem
1875 531 1935 558 aut
1955 527 2084 559 maioris

439 584 565 616 concilii
579 584 807 624 episcoporum
820 581 1036 613 discussiones
1049 591 1085 611 ac
1100 580 1220 612 iudicia
1235 579 1486 621 praestolentur.
1500 580 1545 610 Et
1558 580 1636 621 quia
1650 580 1714 611 Leo
1729 579 1840 616 dicit3,
1856 586 1889 610 ut
1902 584 1932 610 in
1945 584 1998 615 his,
2013 592 2086 618 quae

440 642 484 667 vel
501 641 588 667 dubia
604 640 710 666 fuerint
727 641 778 665 aut
794 638 924 669 obscura,
948 638 978 664 id
1002 638 1164 664 noverimus
1181 637 1367 671 sequendum,
1386 637 1461 670 quod
1479 645 1530 663 nec
1548 638 1707 671 praeceptis
1723 637 1895 670 evangelicis
1912 638 2087 664 contrarium

440 704 490 721 nec
508 694 628 720 decretis
647 695 811 719 sanctorum
829 692 993 718 inveniatur
1011 691 1174 721 adversum,
1193 690 1226 717 et
1244 687 1386 718 domnus
1405 697 1442 717 ac
1463 690 1556 727 pater
1575 690 1685 717 noster
1702 685 1857 718 Nicolaus
1877 697 1964 728 papa
1982 686 2085 724 vobis,

441 748 478 774 ut
496 743 573 774 mihi
589 743 730 780 videtur,
747 741 909 782 scripsit4,
926 741 1084 782 quoniam
1102 753 1174 777 quae
1190 746 1310 770 statuta
1326 743 1405 770 sunt
1420 740 1459 770 de
1477 740 1634 781 praefatis
1648 739 1739 777 viris,
1757 743 1891 770 violanda
1906 752 1964 770 non
1979 744 2085 775 ducat,

439 801 491 826 nisi
511 800 606 826 forsan
627 800 712 825 sacris
731 798 840 833 legibus
859 799 1043 824 inveniantur
1062 797 1192 828 adversa,
1213 792 1355 834 simplici
1375 804 1412 824 ac
1433 793 1557 824 sincera
1577 793 1683 824 cordis
1702 793 1887 824 intentione
1907 804 1949 824 ex
1970 792 2088 834 regulis

438 850 536 881 sacris
557 849 725 890 perspicue
746 847 896 879 tarditati
917 858 1031 879 sensus
1053 847 1116 878 mei
1138 847 1312 878 monstrari
1332 850 1482 888 expecto,
1505 850 1619 877 utrum
1638 857 1723 887 quae
1743 846 1950 878 diffinierunt
1970 846 2086 878 fratres

438 907 472 934 et
489 902 673 944 coepiscopi
692 902 806 939 nostri,
826 901 911 932 sicut
929 901 1088 932 hactenus
1106 900 1278 931 observata
1297 903 1386 937 sunt,
1406 900 1445 930 de
1463 904 1570 931 cetero
1591 903 1629 930 ut
1647 898 1765 941 regulis
1783 899 2015 931 concordantia
2033 900 2086 931 de—

438 957 537 988 beant
553 956 727 993 observari,
745 966 789 986 an
805 953 937 986 illorum
954 953 1109 985 diffinitio
1129 958 1166 984 ut
1183 953 1330 983 inventa⁵
1346 957 1456 991 legibus
1473 957 1559 984 sacris
1576 957 1697 983 adversa
1713 953 1830 984 debeat
1847 953 1994 986 refutari.
2024 952 2087 984 Sed

438 1014 472 1041 et
490 1009 569 1041 mihi
586 1009 714 1040 ostendi
731 1012 869 1049 expecto
887 1008 1043 1049 apertius,
1062 1018 1164 1048 quam
1181 1007 1215 1037 in
1233 1007 1300 1038 suis
1317 1007 1415 1037 sacris
1433 1006 1551 1037 litteris
1568 1005 1753 1047 intellegere
1769 1005 1910 1044 valeam,
1928 1006 1955 1037 si
1972 1006 2086 1037 domni

440 1063 608 1094 Benedicti
631 1073 668 1094 ao
691 1062 838 1093 eiusdem
861 1061 974 1092 domni
997 1059 1123 1092 Nicolai
1147 1071 1244 1101 super
1268 1060 1405 1091 eandem
1429 1059 1666 1091 diffinitionem
1690 1059 1751 1090 sub
1774 1059 1988 1090 anathemate
2010 1069 2086 1090 con-

440 1116 634 1148 firmationis
656 1114 835 1156 privilegia,
859 1115 921 1145 nisi
943 1114 1026 1145 forte
1048 1113 1104 1145 illa
1125 1112 1203 1155 ipse
1216 1125 1275 1144 sua
1296 1113 1454 1154 singulari
1475 1113 1674 1144 auctoritate
1696 1112 1902 1144 dissolvenda
1923 1116 1956 1144 et
1977 1113 2086 1144 inmu-

439 1170 541 1201 tanda
562 1169 691 1205 Viderit,
717 1180 845 1206 quorum
868 1179 1013 1197 summam
1036 1170 1275 1204 firmitatemque
1300 1166 1392 1198 nobis
1415 1166 1569 1197 omnibus
1591 1166 1743 1207 scripsit⁶
1765 1170 1794 1195 in
1817 1169 1990 1203 apostolicae
2013 1170 2087 1196 sedis

439 1229 617 1253 reservatam
639 1225 757 1252 arbitrio
780 1225 940 1259 potestatis,
965 1231 1023 1251 nos
1046 1220 1114 1251 sine
1137 1219 1324 1261 regularum
1346 1224 1380 1251 et
1402 1220 1486 1251 sedis
1509 1218 1707 1261 apostolicae
1731 1219 1930 1260 praeiudicio
1952 1220 2086 1261 sineque

440 1280 550 1308 nostro
572 1275 742 1306 communi
766 1274 908 1316 periculo
931 1273 1102 1305 dissolvere
1126 1277 1159 1304 et
1181 1274 1346 1304 inmutare
1371 1273 1546 1314 possimus,
1571 1272 1753 1304 Caelestino
1777 1273 1940 1304 dicente⁷z
1970 1276 2047 1307 Quae
2070 1286 2087 1303 a

439 1333 520 1360 nobis
538 1341 582 1358 res
598 1333 685 1366 digna
702 1331 872 1362 servabitur,
891 1332 914 1356 si
932 1330 1116 1358 decretalium
1134 1339 1234 1356 norma
1252 1331 1473 1356 constitutorum
1492 1339 1542 1364 pro
1561 1329 1722 1363 aliquorum
1738 1329 1824 1356 libitu
1841 1329 1958 1356 licentia
1974 1329 2087 1364 popufis

440 1387 576 1420 permissa
593 1386 763 1419 frangatur?
784 1380 845 1412 Sed
864 1384 898 1411 et
915 1391 934 1411 a
954 1380 1046 1411 nobis
1066 1391 1131 1411 non
1150 1384 1200 1411 est
1218 1380 1485 1421 parvipendenda
1503 1380 1669 1421 granditer
1688 1379 1805 1410 Leonis
1824 1390 1929 1420 papae
1947 1379 1989 1410 ad
2007 1379 2086 1410 Leo-

440 1447 515 1467 nem
529 1439 708 1475 augustum
722 1435 760 1465 de
771 1445 804 1464 se
817 1434 939 1475 scripta
953 1433 1131 1464 sententia:
1143 1433 1186 1462 ‘Si
1197 1433 1289 1470 (μηδ’,
1300 1433 1409 1474 inquit
1417 1433 1440 1469 ⁸,
1452 1433 1601 1467 fflestruxi,
1612 1436 1681 1463 haec
1691 1435 1818 1466 aedifico,
1829 1436 2087 1470 praevaricatorem

440 1501 484 1518 me
505 1487 658 1519 constituo³
673 1494 702 1517 et
722 1491 761 1516 eis
782 1499 826 1516 me
846 1490 988 1517 ultionum
1004 1490 1214 1517 conditionibus
1234 1490 1335 1520 subdo,
1357 1498 1428 1524 quas
1447 1499 1504 1516 non
1524 1490 1615 1516 solum
1636 1490 1793 1516 auctoritas
1813 1489 1914 1516 beatae
1934 1490 2086 1516 memoriae

440 1546 583 1575 Martiam,
603 1545 651 1570 sed
672 1545 760 1570 etiam
779 1552 830 1577 ego
852 1552 915 1570 mea
934 1540 1134 1572 confessione
1156 1543 1276 1570 firmavi.
1306 1540 1354 1571 De
1375 1540 1496 1581 quibus
1518 1539 1684 1572 ultionum
1703 1539 1948 1571 conditionibus
1968 1539 2047 1580 quid
2067 1550 2086 1570 a

441 1599 552 1627 sancto
579 1594 698 1635 spiritu
718 1604 774 1635 per
798 1593 936 1625 concilia
962 1593 1145 1634 provintiae
1163 1592 1289 1624 Africae
1321 1593 1440 1634 quidve
1466 1593 1527 1624 Dei
1558 1593 1732 1634 sapientia,
1758 1603 1835 1634 qua,
1863 1596 1901 1623 ut
1925 1593 2088 1634 scriptum

440 1652 500 1685 est,
526 1647 722 1679 ‘conditores
741 1646 851 1688 legum
871 1647 960 1678 iusta
979 1647 1183 1683 decernunt',
1205 1645 1330 1687 legibus
1350 1646 1394 1677 sit
1414 1647 1594 1683 decretum,
1618 1645 1734 1678 melius
1754 1646 1817 1687 ipsi
1838 1645 1939 1677 scitis.

538 1701 661 1738 Quodsi
678 1700 781 1731 etiam
798 1700 858 1731 hoc
877 1700 915 1731 de
934 1710 966 1730 se
984 1699 1175 1740 intellegens
1193 1703 1227 1730 et
1243 1699 1293 1730 his
1311 1698 1421 1740 legum
1438 1700 1683 1731 conditionibus
1701 1699 1796 1730 subdi
1814 1702 1930 1730 tantus
1949 1709 2035 1740 papa
2053 1702 2087 1729 et

442 1755 565 1795 primae
580 1754 663 1785 sedis
679 1753 829 1795 pontifex
845 1753 1066 1794 praecavendo
1082 1753 1240 1793 refugum,
1256 1751 1397 1794 qualiter
1411 1753 1533 1784 eisdem
1549 1753 1715 1784 ultionum
1729 1752 1972 1784 conditionibus
1991 1751 2086 1783 subdi

442 1808 662 1848 praecavendo
677 1807 792 1838 timere
808 1817 865 1838 nos
879 1806 1055 1838 debeamus
1069 1806 1218 1843 subiecti,
1231 1809 1383 1847 patenter
1396 1806 1551 1837 ostendit.
1569 1805 1631 1837 Sed
1644 1810 1678 1837 et
1691 1807 1730 1838 de
1744 1809 1937 1847 contempto
1951 1805 2085 1836 anathe-

442 1864 529 1892 mate
546 1861 789 1892 necessitate—
802 1863 928 1900 quanto
945 1860 1047 1900 magis
1057 1858 1289 1890 deliberatione
1300 1878 1345 1882 -
1358 1859 1418 1890 rite
1435 1858 1572 1900 prolato,
1588 1860 1676 1900 quod
1690 1860 1725 1891 in
1741 1859 1896 1900 praefatis
1912 1858 2087 1901 privilegiis

439 1914 639 1951 continetur,
658 1914 737 1954 quid
752 1917 886 1944 sanctus
897 1913 1069 1953 Gregorius
1083 1912 1386 1944 ad Theocthistam
1403 1912 1576 1953 patriciam
1592 1913 1679 1944 dicat
1689 1912 1712 1944 ⁹,
1729 1912 1927 1953 sapientiam
1940 1915 2085 1943 vestram

440 1978 459 1998 a
478 1967 546 1998 Deo
566 1968 699 1998 doctam
720 1978 786 1998 non
806 1966 898 1998 latet.
919 1966 964 1997 Et
985 1965 1180 2007 Symmacus
1201 1965 1314 1996 dicit10
1333 1969 1370 1995 ad
1390 1969 1481 2002 ipsam
1503 1972 1712 1996 sacrosanctam
1734 1969 1903 1996 catholicam
1923 1969 2086 2003 religionem

441 2025 589 2057 pertinere,
608 2025 688 2050 euius
705 2024 798 2050 omnis
815 2025 944 2057 potestas
961 2023 1133 2057 infringitur,
1152 2023 1205 2048 nisi
1224 2023 1365 2052 universa,
1385 2030 1456 2055 quae
1475 2032 1492 2049 a
1511 2022 1626 2048 Domini
1645 2023 1839 2049 sacerdotibus
1857 2023 1944 2048 semel
1962 2017 2085 2059 regula—

440 2074 518 2104 riter
535 2079 711 2107 statuuntur,
729 2079 867 2111 perpetua
883 2077 953 2107 sint;
972 2077 1048 2109 quod
1066 2076 1135 2102 alias
1153 2076 1313 2109 contingere
1330 2076 1445 2109 poterit,
1463 2076 1485 2101 si
1503 2084 1646 2102 successor
1662 2076 1815 2102 decessoris
1832 2076 1944 2102 actibus
1960 2084 2018 2102 non
2035 2076 2084 2101 tri-

442 2130 535 2156 buerit
551 2130 717 2156 firmitatem
733 2133 763 2155 et
780 2130 939 2156 roborando
957 2138 1030 2163 quae
1046 2132 1126 2163 gesta
1143 2132 1211 2155 sunt
1227 2129 1316 2156 faciat
1331 2131 1395 2155 rata
1411 2137 1471 2154 esse
1489 2137 1561 2162 quae
1578 2130 1703 2162 gesserit.
1730 2125 1776 2156 Et
1794 2124 1957 2158 Gelasiust
1976 2129 2084 2159 Patres,

441 2180 550 2220 inquit
556 2180 591 2215 Π,
603 2183 702 2213 nostri,
713 2183 844 2209 catholici
858 2182 990 2209 videlicet
1004 2183 1138 2216 doctique
1153 2182 1309 2216 pontifices,
1321 2182 1455 2215 quiequid
1470 2190 1520 2215 pro
1536 2182 1601 2213 fide,
1612 2190 1662 2215 pro
1678 2183 1810 2213 veritate,
1821 2191 1871 2216 pro
1888 2182 2085 2209 communione

443 2235 582 2262 catholica
602 2239 689 2269 atque
710 2236 866 2270 apostolica
886 2236 1042 2262 secundum
1063 2237 1267 2269 scripturarum
1288 2236 1434 2262 tramitem
1456 2236 1717 2268 traditionemque
1739 2236 1879 2262 maiorum
1900 2235 1979 2262 facta
1999 2234 2085 2261 semel

526 2368 549 2392 ῃ)
568 2365 600 2387 Su
621 2365 650 2388 Β.

537 2462 561 2490 l)
580 2461 634 2492 l'yl.
649 2469 719 2485 conc.
734 2461 859 2492 African.
873 2469 893 2485 c.
908 2462 942 2486 0¹3
957 2461 1011 2486 and
1024 2470 1044 2486 c..
1059 2462 1101 2489 39,
1116 2461 1206 2486 Codes:
1219 2470 1355 2486 canonum
1378 2461 1480 2493 (1609)
1502 2460 1530 2485 S.
1545 2460 1605 2486 253.
1619 2461 1686 2487 269:
1704 2461 1800 2492 Miyeze.
1815 2462 1858 2488 0⁴7.
1871 2461 1931 2486 214.
1945 2460 1996 2486 221
2016 2469 2036 2485 c.
2050 2462 2084 2485 96

447 2505 500 2529 und
518 2514 537 2529 (·,
555 2505 604 2529 122
621 2505 699 2529 sowie
716 2513 763 2529 εισι·
780 2504 864 2530 Socho
886 2505 1025 2530 besonders
1036 2505 1134 2530 Mansa*
1145 2505 1222 2534 XIV,
1235 2506 1287 2530 984
1309 2505 1432 2538 (Synode
1450 2514 1500 2530 rou.
1522 2504 1650 2530 Scis-sons
1671 2504 1750 2537 553).
1864 2506 1892 2537 2)
1912 2504 2013 2530 Konzil
2034 2512 2084 2529 von

444 2549 534 2573 Nimia
556 2549 614 2575 125.
638 2549 728 2573 Codex*
749 2557 884 2573 canonum.
909 2549 1009 2581 (1609)
1033 2549 1061 2574 S.
1076 2550 1106 2576 3.-
1128 2549 1281 2574 Hinschius
1302 2549 1330 2575 S.
1344 2549 1405 2575 253.
1516 2549 1543 2580 3)
1565 2548 1655 2573 Codex
1682 2557 1819 2573 cationum
1849 2548 1951 2582 (1609)
1974 2548 2002 2574 S.
2017 2548 2083 2578 454,-

446 2592 596 2617 Hinschizm
609 2593 636 2617 S.
647 2593 700 2617 616
713 2593 808 2625 (ιλ-Κ.
819 2593 897 2625 544).
992 2595 1019 2624 4)
1042 2593 1118 2625 Briej
1129 2593 1178 2618 ΝΥ.
1191 2594 1232 2621 75,
1244 2594 1306 2619 ΜΘ.
1318 2593 1405 2626 Epist.
1417 2593 1464 2621 VJ,
1475 2592 1528 2618 409
1539 2593 1569 2618 Ζ.
1580 2593 1620 2624 ll.
1634 2592 1725 2625 (.J.-E'.
1736 2593 1833 2625 2803).
1928 2594 1955 2624 5)
1976 2592 2004 2618 S.
2019 2592 2083 2617 oben

443 2637 472 2661 Z.
486 2637 528 2661 10.
623 2638 650 2668 fi)
674 2637 763 2668 Briele
780 2637 829 2661 Nr.
845 2637 886 2665 74,
906 2637 968 2661 MG.
988 2637 1075 2669 Epist.
1092 2637 1139 2665 VJ,
1157 2638 1209 2662 400
1224 2638 1253 2662 Ζ.
1268 2638 1317 2666 22,·
1341 2637 1390 2663 Nr.
1406 2638 1448 2665 75,
1473 2637 1561 2670 Epist.
1578 2637 1625 2666 VI,
1644 2637 1695 2661 408
1719 2637 1749 2661 Z.
1763 2637 1839 2669 39&
1863 2636 1951 2670 Epist.
1966 2636 2014 2666 VI,
2032 2636 2085 2661 410

443 2681 472 2705 Ζ.
486 2681 544 2712 lios.
639 2682 666 2711 7)
687 2680 777 2705 Codex·
790 2689 925 2705 canonum
941 2681 1042 2713 (1609)
1058 2682 1085 2706 S.
1100 2682 1151 2706 435
1165 2690 1184 2706 ν.
1199 2682 1248 2711 20;
1265 2681 1417 2707 ΗίηεεΙιιήε
1429 2681 1458 2706 S.
1471 2681 1523 2706 561
1537 2689 1558 2705 ι’.
1572 2681 1587 2705 1
1603 2680 1699 2713 (ιλ-Κ.
1709 2681 1787 2713 371).
1882 2682 1910 2712 8)
1931 2680 2083 2706 Hinschz'ns

444 2725 472 2749 S.
486 2725 538 2749 578
554 2724 649 2756 (.l.-K.
664 2724 742 2757 539).
849 2725 876 2755 9)
894 2725 949 2756 Vql.
966 2725 1028 2756 ch.
1042 2725 1096 2751 XI.
1112 2725 1154 2753 27,
1170 2725 1232 2750 ΜΟ.
1248 2726 1336 2758 Epist.
1351 2726 1394 2754 ΙΙ,
1407 2725 1460 2751 296
1476 2724 1568 2758 (J.-E'.
1583 2725 1653 2750 1817
1674 2744 1679 2749 .
1788 2726 1831 2757 10)
1853 2726 1899 2750 An
1914 2725 1946 2750 Β.
1961 2725 2084 2750 Aeonius

447 2777 492 2793 iton
516 2768 602 2797 Arlvs,
629 2768 706 2793 lez'el
727 2769 752 2797 I,
769 2769 821 2793 (155
847 2769 941 2800 (dds.
958 2769 1033 2799 754).
1149 2770 1191 2801 11)
1213 2770 1259 2794 An
1281 2770 1323 2794 die
1342 2769 1465 2801 Bisclzo'se
1482 2768 1665 2795 Dardanie‘ns.
1689 2768 1850 2796 Hinschfias.
1874 2769 1902 2794 S.
1916 2769 1983 2799 642;
2006 2768 2084 2794 Tlciel

445 2813 469 2838 J.
491 2812 543 2837 3.(),3
566 2813 661 2841 (.1.-J<.
676 2813 754 2845 1164).

2113 804 2140 824 10

2113 1072 2138 1093 15

2112 1338 2139 1358 20

2112 1603 2140 1623 25

2111 1870 2139 1890 ³⁰

2109 2132 2135 2152 35

2107 2511 2134 2531 40

2106 2729 2134 2750 45
