2220 3192
664 217 851 243 HINKMAR
872 217 950 244 VON
970 217 1092 244 REIMS
1114 217 1173 243 136.
1684 216 1744 245 105

100 304 258 337 dissolvit.
270 303 375 335 Verba
387 308 501 336 autem
514 305 693 337 eorundem
703 310 889 344 auctorum,
904 307 990 338 unde
1002 307 1148 348 imperiti
1163 306 1309 348 magistri
1320 305 1400 338 talia
1414 306 1536 338 insulsa
1549 309 1740 348 captarunt,

99 358 150 390 hic
170 367 377 399 poneremuS,
399 357 425 388 si
445 368 511 388 non
532 366 590 399 pro
611 358 773 390 solutione
793 359 919 391 nodum
936 370 1132 401 componere
1149 360 1360 391 vitaremusa.

187 410 403 441 Addendurnb
425 410 527 441 etiam
548 411 767 442 necessarium
786 412 955 450 duximus,
978 416 1016 444 ut
1035 412 1086 444 his
1107 417 1298 444 sanctorum
1319 413 1491 444 sententiis
1510 423 1745 454 cognoscamus

102 463 246 505 nuptias,
266 473 350 504 quas
368 462 563 494 concubitus
584 473 642 504 pro
661 463 862 505 quibusdam
881 466 987 497 causis
1008 476 1074 498 non
1094 466 1254 507 sequitur,
1275 465 1356 498 solvi
1376 476 1469 507 posse
1489 469 1522 497 et
1543 469 1677 507 propter
1696 465 1745 498 in-

62 527 74 547 5
100 516 342 549 continentiam
362 515 502 548 feminas
520 516 561 547 ad
581 515 663 547 alias
682 516 854 549 convolare
871 517 1006 550 valerec.
1027 518 1089 550 Sed
1110 518 1239 551 subtilis
1259 519 1468 561 investigatio
1488 522 1522 551 et
1541 518 1746 551 rationabilis

97 569 246 602 discretio
260 569 294 601 in
305 569 356 600 his
366 569 457 610 prius
466 573 516 600 est
525 568 719 607 adhibenda,
730 572 842 601 utrum
850 571 947 611 quasi
956 571 1117 602 naturalis
1129 572 1164 603 in
1171 572 1250 604 viris
1258 573 1300 604 sit
1307 572 1495 604 huiusmodi
1502 572 1746 604 commixtionis

98 621 335 664 inpossibilitas
350 640 395 645 —
411 622 490 663 quia
509 626 543 653 et
562 625 641 653 sunt
660 622 813 660 eunuchi,
835 623 919 655 sicut
939 624 1100 665 scriptum
1120 628 1179 662 est,
1198 625 1257 667 qui
1275 626 1315 656 de
1338 625 1452 657 matris
1480 629 1572 657 utero
1599 626 1644 657 sic
1673 625 1744 657 nati

100 680 178 708 sunt
189 694 242 713 —‚
258 686 301 706 an
316 675 376 707 hoc
391 674 670 716 impedimentum
685 675 875 716 operatione
888 675 1019 714 diaboli,
1036 677 1122 708 sicut
1136 677 1205 709 fieri
1219 677 1372 715 adsoletd‚
1388 677 1452 709 illis
1465 678 1598 710 accidit.
1621 679 1746 717 Quodsi

98 739 156 771 per
174 728 361 761 5010101105θ
379 731 481 769 atque
501 727 664 760 maleficas
681 728 820 766 occulto,
841 729 895 760 sed
915 739 1099 770 numquam
1116 730 1169 761 vel
1188 741 1354 772 nusquam
1372 731 1507 769 iniusto,
1525 732 1600 763 Dei‘
1626 732 1745 764 iudicio

49 792 75 812 10
98 782 311 825 permittente
327 786 361 813 et
375 781 504 815 diabolo
520 786 679 824 operante
693 781 823 820 accidit,
839 782 993 814 hortandi
1010 786 1088 813 sunt
1103 783 1223 823 quibus
1239 784 1303 815 ista
1320 785 1488 822 eveniunt,
1506 788 1544 816 ut
1559 786 1654 817 corde
1669 797 1744 817 con-

98 835 179 867 trito
197 838 231 867 et
249 835 367 877 spiritu
386 834 560 867 humiliato
578 835 647 867 Deo
666 839 699 866 et
717 835 877 867 sacerdoti
894 835 934 866 de
953 835 1106 867 omnibus
1124 837 1267 877 peccatis
1285 838 1352 868 suis
1370 848 1490 878 puram
1507 838 1744 870 confessionem

99 889 222 921 faciant
235 892 268 920 et
281 889 423 930 profusis
436 888 579 920 lacrimis
591 899 628 920 ac
641 888 833 929 largioribus
845 888 1051 920 aelemosinis
1064 892 1096 920 et
1109 889 1312 921 orationibus
1324 894 1441 931 atquess
1462 890 1591 922 ieiuniis
1602 892 1744 924 Domino

100 942 316 979 satisfaciant,
336 942 430 973 cuius
450 942 568 973 iudicio
590 952 648 984 pro
669 952 726 972 suo
749 942 883 973 meritoh
902 941 943 973 ab
963 941 1020 973 illa
1038 941 1264 973 benedictione
1284 943 1405 984 privari
1426 943 1521 975 inviti
1544 949 1743 983 meruerunt,

99 1006 201 1037 quam
222 995 387 1027 Dominus
411 995 526 1036 primis
550 994 742 1036 parentibus
764 998 843 1026 ante
867 998 1043 1036 peccatum
1066 995 1099 1026 in
1125 995 1284 1036 paradyso
1308 996 1463 1027 donavit¹
1487 1000 1521 1027 et
1544 997 1645 1029 etiam
1670 1002 1745 1040 post

50 1058 77 1078 15
100 1052 274 1091 peccatum
293 1048 498 1080 humanumk
526 1046 644 1089 genusk
664 1048 697 1079 in
718 1052 831 1079 totum
852 1048 973 1089 privari
995 1059 1060 1078 non
1081 1047 1198 1086 voluit,
1220 1052 1253 1079 et
1275 1059 1331 1090 per
1351 1049 1547 1080 exorcismos
1567 1053 1620 1081 ac¹
1639 1055 1746 1082 cetera

103 1101 280 1134 medicinae
300 1100 533 1133 ecclesiasticae
555 1101 668 1133 munia
690 1101 832 1132 ministri
852 1100 1002 1132 ecclesiae
1022 1101 1114 1138 tales,
1135 1105 1303 1142 quantum
1321 1102 1476 1133 annuerit
1494 1103 1668 1141 Dominus,
1688 1104 1745 1145 qui

98 1154 285 1187 Abimelech
312 1161 375 1186 ao¹¹¹
396 1155 529 1186 domum
550 1155 618 1186 eius
631 1153 779 1186 Abrahae
799 1154 1003 1186 orationibus
1024 1155 1165 1191 sanavit,
1182 1165 1295 1186 sanare
1317 1159 1502 1196 procurent.
1532 1156 1595 1193 Qui
1617 1157 1698 1187 forte
1719 1157 1745 1188 si

99 1208 207 1240 sanari
229 1219 295 1239 non
315 1211 484 1249 poterunt,
505 1207 648 1250 separari
667 1207 838 1239 valebunt.
861 1207 922 1239 Sed
944 1211 1122 1249 postquam
1142 1207 1223 1239 alias
1244 1208 1379 1249 nuptias
1399 1208 1607 1249 expetierint,
1630 1209 1692 1240 illis
1712 1210 1746 1241 in

99 1272 195 1294 carne
210 1260 410 1298 viventibus,
427 1261 548 1302 quibus
565 1261 696 1292 iunctae
715 1261 867 1298 inermia,
885 1261 1058 1302 prioribuS,
1075 1272 1159 1302 quos
1175 1260 1384 1302 reliquerant,
1403 1261 1533 1292 etiamsi
1550 1262 1748 1303 possibilitas

50 1323 76 1344 20
97 1313 337 1347 concumbendi
352 1314 397 1346 eis
412 1314 539 1346 reddita
556 1314 666 1352 fuerit,
682 1313 882 1345 reconciliari
898 1314 1094 1356 nequibunt.
1112 1314 1319 1346 Incestuosas
1332 1318 1446 1346 autem
1463 1315 1598 1356 nuptias
1613 1320 1747 1358 propter

99 1368 244 1400 incestus
260 1367 394 1404 crimen,
412 1367 501 1408 quod
517 1367 634 1399 habere
653 1378 719 1398 non
737 1370 857 1409 potest,
870 1372 908 1398 ut
926 1367 1169 1410 praediximuso
1180 1368 1191 1387 ¹
1209 1372 1262 1399 etp
1280 1368 1421 1399 iterump
1438 1368 1608 1405 dicimusv,
1629 1369 1746 1401 Christi

99 1426 132 1453 et
145 1420 295 1452 ecclesiae
308 1425 566 1458 sacramentum,
581 1431 646 1452 non
659 1419 774 1452 debere
790 1432 930 1458 manere,
946 1421 999 1452 sed
1013 1421 1136 1453 crimen
1152 1421 1356 1462 separatione
1370 1424 1403 1451 et
1417 1421 1619 1462 paenitentia
1633 1421 1747 1454 debere

101 1474 208 1506 sanari
229 1484 414 1505 noscamus.

191 1526 351 1569 Stephani
362 1537 440 1558 vero
454 1527 600 1569 nuptiaS,
614 1527 654 1558 de
666 1526 787 1568 quibus
800 1527 919 1568 agitur,
935 1538 975 1558 ne
988 1527 1132 1559 incestus
1145 1527 1355 1565 admittatur,
1369 1526 1484 1558 debere
1496 1527 1628 1558 dissolvi
1644 1528 1747 1560 modis

50 1589 76 1611 25
100 1580 254 1613 omnibus
270 1580 483 1612 iudicamuse.
501 1580 561 1612 Etr
579 1580 726 1622 nuptias,
743 1591 828 1622 quae
846 1580 994 1622 nuptiale
1010 1580 1133 1612 habent
1152 1581 1357 1621 mysterium,
1377 1592 1441 1611 non
1458 1591 1667 1622 quacumque
1683 1581 1747 1613 alia

102 1634 164 1666 nisi
186 1633 254 1665 sola
276 1634 501 1665 fornicationis
520 1644 619 1665 causa
641 1644 734 1675 posse
753 1633 887 1665 dissolvi
908 1634 1044 1665 docente
1064 1634 1214 1665 veritatis
1234 1634 1432 1666 auctoritate
1453 1637 1631 1665 tenemuss.
1661 1635 1746 1672 Quo-

103 1687 194 1718 niam
219 1687 280 1719 etsi
304 1687 476 1719 communi
501 1698 660 1718 consensu
687 1687 928 1719 continentiam
952 1687 1105 1718 voverint
1129 1688 1294 1728 coniuges,
1320 1691 1417 1718 tanto
1443 1686 1598 1718 obnixius
1622 1691 1748 1728 quanto

103 1739 297 1782 spiritaliust
318 1740 351 1772 in
371 1741 514 1772 Domino
536 1740 640 1771 iuncti
664 1739 856 1772 manebunt.
895 1741 1045 1778 Quorum
1064 1740 1289 1772 coniunctioni
1309 1751 1347 1772 ac
1368 1740 1527 1772 indivisae
1548 1740 1747 1782 separationi

101 1792 191 1825 nulla
209 1792 378 1825 simulatio
397 1793 430 1825 in
449 1793 551 1825 oculis
569 1794 638 1825 eius
656 1794 852 1825 intervenire
869 1793 1003 1830 valebit,
1021 1794 1079 1834 qui
1097 1794 1246 1826 cordium
1263 1801 1318 1825 acu
1337 1801 1472 1825 renumv
1498 1798 1661 1824 scrutator
1679 1805 1746 1825 esse

50 1858 77 1879 so
99 1846 291 1878 dinoscitur.

190 1899 307 1931 Undew
323 1899 511 1941 Stephanus
530 1910 588 1941 pro
610 1900 835 1937 fornicatione,
856 1900 895 1931 de
914 1910 991 1940 qua,
1013 1900 1075 1931 nisi
1093 1903 1227 1931 coactus
1248 1899 1440 1931 necessitate
1460 1911 1534 1931 eam
1554 1898 1747 1941 publicaret,

102 1957 222 1984 secreta
242 1953 444 1984 confessione
465 1953 706 1994 paenitentiam
726 1964 818 1995 agere
839 1957 980 1994 poterat,
1002 1956 1035 1984 et
1054 1953 1132 1994 quia
1154 1963 1243 1984 sacro
1266 1952 1462 1994 nuptiarum
1484 1953 1651 1993 mysterio,
1673 1952 1748 1984 licet

102 2007 293 2038 necessitate
312 2006 513 2047 compulsus,
534 2006 757 2038 simulationis
775 2006 908 2047 culpam
929 2006 1171 2047 superinduxit,
1192 2006 1276 2037 sicut
1296 2005 1359 2043 ille,
1379 2006 1437 2046 qui
1455 2006 1618 2037 zizaniam
1636 2006 1746 2037 tritico

103 2060 361 2101 superseminare
385 2070 451 2091 non
477 2060 607 2097 metuit,
631 2064 665 2091 et
686 2060 846 2100 quoniam
870 2064 944 2101 post
966 2059 1032 2090 tale
1055 2058 1247 2096 conubium,
1270 2063 1452 2100 antequam
1475 2058 1621 2100 legaliter
1637 2059 1749 2090 dissol-

51 2123 78 2144 35
102 2116 244 2151 veretur,
265 2113 354 2154 quod
373 2112 468 2154 quasi
489 2112 652 2154 legaliterx
672 2113 784 2145 visum
806 2113 870 2144 fuit
891 2113 1044 2149 initumy,
1064 2112 1146 2144 alios
1167 2122 1268 2154 pravo
1290 2111 1442 2153 exemplo
1463 2112 1652 2143 destruensy
1673 2122 1749 2143 con-

102 2165 221 2198 cubina
240 2177 318 2197 usus
336 2166 435 2198 fuisse
450 2166 582 2203 dicitur,
601 2166 695 2197 iuxta
715 2167 851 2198 modum
868 2165 984 2207 culpae
1000 2177 1078 2197 cum
1095 2165 1231 2207 pietatis
1250 2165 1419 2202 modestia,
1436 2166 1515 2206 quia
1532 2165 1749 2197 reverentiam

100 2219 168 2251 Deo
191 2219 353 2257 exhibuit,
378 2231 418 2251 ne
438 2220 602 2251 incestum
626 2220 834 2251 fornicationi
856 2219 1058 2260 adiungeret,
1080 2226 1118 2250 az
1142 2218 1275 2260 proprio
1299 2219 1450 2260 episcopo
1473 2219 1659 2250 secundum
1681 2218 1750 2249 eius

100 2272 285 2310 arbitrium,
304 2273 382 2314 quia
400 2283 542 2304 canones
561 2273 605 2304 sic
623 2273 804 2304 decernunt
814 2272 836 2309 2,
857 2272 1098 2313 paenitentiam
1116 2271 1299 2313 regularem
1318 2271 1477 2312 suscipiat
1496 2275 1529 2303 et
1547 2283 1626 2303 cum
1643 2271 1750 2312 dignis

102 2325 324 2367 paenitentiae
346 2326 506 2358 fructibus
526 2330 673 2368 peragat,
689 2330 727 2356 ut
746 2326 804 2366 qui
825 2336 882 2356 suo
904 2325 1053 2367 neglectu
1073 2325 1242 2357 ecclesiam
1261 2328 1312 2356 et³
1334 2324 1457 2356 multos
1476 2324 1628 2356 ecclesiae
1648 2323 1749 2355 filiosa

53 2455 81 2475 40
192 2452 216 2480 ²²)
233 2450 282 2481 Vyl.
299 2450 356 2474 oben
375 2450 402 2474 S.
415 2452 462 2476 103
472 2451 501 2474 Ζ.
512 2452 545 2476 42
559 2450 612 2474 Var.
623 2450 647 2474 h.
732 2448 756 2480 b)
773 2450 806 2473 A.
825 2450 856 2473 R.
872 2452 920 2473 rot:
938 2449 977 2473 XI
998 2449 1027 2473 B.
1113 2451 1136 2479 c)
1154 2449 1186 2473 A.
1204 2449 1236 2473 R.
1253 2457 1299 2473 11οη
1314 2449 1374 2473 and.
1392 2449 1483 2473 Hand:
1501 2449 1572 2477 Quae
1589 2449 1700 2472 feminae
1717 2448 1749 2471 ad

103 2494 167 2518 alias
182 2495 283 2525 possint
302 2495 439 2518 convolare
458 2495 488 2519 Β.
574 2493 598 2525 d)
619 2494 684 2518 solet
705 2495 737 2518 D.
823 2495 846 2525 e)
867 2493 932 2518 Verb.
953 2496 1010 2517 sum
1024 2493 1175 2517 fornicarias
1191 2493 1224 2517 D.
1310 2491 1329 2523 ¹)
1346 2494 1451 2517 Domini
1467 2493 1544 2517 Sirm.
1631 2495 1654 2522 ἕ)
1671 2500 1700 2516 ae
1717 2492 1749 2516 D.

106 2537 130 2568 ¹³)
142 2542 168 2562 et
179 2539 302 2569 einqefiiyt
313 2538 390 2563 Sirm.
474 2537 493 2569 ¹)
506 2547 558 2570 qua
570 2539 646 2563 Sirm.
733 2537 759 2568 l·¹)
771 2546 851 2569 genus
863 2539 1006 2562 humanum
1017 2537 1095 2562 Sirm.
1179 2535 1198 2567 1)
1210 2541 1289 2568 atque
1301 2537 1378 2561 Sirm.
1464 2540 1496 2567 ¹11)
1508 2541 1534 2561 et
1546 2537 1579 2561 D.
1647 2538 1672 2566 Π)
1683 2536 1749 2560 Verb.

103 2585 162 2607 stan
177 2583 282 2607 fuerant
299 2583 332 2608 D.
426 2585 449 2614 0)
468 2584 538 2614 prius
556 2584 669 2607 diximus
686 2583 763 2606 Sirm.
863 2584 887 2612 Β)
903 2582 974 2606 Fehlt
992 2581 1024 2606 D.
1117 2584 1141 2611 q)
1160 2589 1344 2613 cognoscamus
1364 2582 1394 2609 B,
1420 2582 1496 2605 Sirm.
1591 2583 1612 2611 1“)
1629 2580 1699 2604 Fehzi
1717 2580 1749 2603 D.

107 2627 129 2655 Β)
145 2630 281 2651 teneamus
297 2627 374 2651 Sirm.
460 2627 479 2657 t)
496 2627 656 2659 spiritualius
672 2627 704 2651 D.
791 2628 816 2656 ¹¹)
832 2630 858 2650 et
875 2626 907 2650 D.
994 2628 1019 2656 v)
1035 2627 1135 2650 renium
1154 2626 1185 2650 B.
1272 2628 1299 2656 W)
1317 2626 1349 2650 A.
1368 2626 1399 2650 R.
1416 2628 1465 2649 rot:
1483 2625 1537 2649 XII
1556 2625 1587 2649 B.
1675 2627 1699 2654 Χ)
1717 2624 1747 2647 le-

55 2675 82 2696 45
104 2671 160 2702 gale
175 2671 206 2695 D.
292 2674 317 2701 θ’)
332 2673 426 2696 initum
440 2686 469 2689 —
480 2672 615 2696 destruens
628 2671 687 2702 fehlt
701 2671 733 2695 D.
819 2673 840 2701 Ζ)
856 2678 884 2694 ac
902 2670 932 2694 Β.
1019 2672 1043 2701 a)
1057 2670 1183 2694 et—filios
1197 2670 1255 2700 fehlt
1270 2670 1302 2694 D.

196 2769 222 2800 1)
236 2768 292 2801 1⁷91.
310 2768 375 2794 oben
391 2768 420 2793 S.
433 2768 467 2794 95
482 2768 513 2794 Z.
526 2768 560 2793 ⁴34
569 2768 600 2800 1.,
617 2768 645 2794 S.
660 2768 711 2793 104
727 2767 757 2793 Z.
771 2767 814 2799 Sl.
920 2767 947 2799 2)
968 2766 1024 2799 qu.
1042 2775 1113 2792 conc.
1131 2767 1256 2799 African.
1274 2775 1295 2792 c.
1309 2766 1353 2796 10,
1377 2766 1468 2792 Codex
1487 2774 1622 2791 canonum
1646 2764 1747 2797 (1609)

105 2810 133 2837 S.
147 2811 212 2842 213:
228 2812 382 2838 Hinschius
396 2812 424 2838 S.
438 2812 490 2838 299
505 2821 526 2838 c.
539 2813 582 2838 31.

192 2860 360 2886 Emsromss
372 2859 456 2886 VIII.
1505 2860 1537 2884 14

1767 309 1841 338 860.

1760 792 1811 817 Vgl.
1822 792 1858 813 ΡΒ.
1869 792 1904 817 50,
1915 793 1949 813 19.

1760 845 1810 870 Vgl.
1822 845 1872 866 Iud.
1883 845 1904 870 8,
1915 845 1950 866 16.

1762 1005 1812 1030 vgl.
1824 1005 1882 1026 Gen.
1891 1006 1912 1029 1,
1923 1005 1960 1026 28.

1762 1165 1811 1190 Vgl.
1819 1165 1916 1190 Gen.20‚
1924 1166 1960 1186 17.

1763 1640 1950 1666 vgi.Matth.6‚32
1955 1655 1962 1661 .

1763 1787 1814 1811 vgi.
1825 1787 1861 1808 ΡΒ.
1872 1788 1892 1812 7,
1902 1788 1941 1812 10;

1771 1815 1840 1838 Apoc.
1851 1815 1872 1839 2,
1884 1814 1921 1835 23.

1764 2000 1908 2047 Vgllqussth.

1810 2040 1817 2046 ι
1824 2042 1829 2052 ,
1871 2042 1877 2048 .
