2220 3192
266 298 439 327 sust-861.

311 1042 365 1062 Gen.
378 1042 398 1065 l,
409 1040 444 1060 26.

250 1147 297 1171 vgi.
312 1148 364 1171 sap.
375 1147 396 1172 2,
408 1147 441 1167 24.

327 1200 381 1220 Gen.
395 1201 415 1224 3,
425 1199 446 1220 5.

311 1360 365 1379 Gen.
378 1361 398 1384 1,
409 1359 444 1379 26.

302 1677 350 1698 Ioh.
363 1679 399 1702 10,
412 1678 446 1698 30.

272 2155 291 2174 2,
304 2154 352 2175 Cor.
365 2155 400 2179 13,
414 2155 448 2175 13.

469 205 527 234 112
1031 201 1217 228 HINKMAR
1237 200 1313 226 VON
1336 199 1456 226 REIMS
1478 200 1537 225 141.

464 308 512 325 seu
532 300 635 326 trinam
655 296 787 330 amplecti
806 295 900 325 fidem,
920 302 1005 327 quam
1023 295 1130 326 negant
1148 292 1271 326 perversi
1292 291 1445 317 Sabelliani
1463 299 1514 325 per
1532 299 1613 317 suam
1631 290 1769 325 perfidam
1787 291 1976 325 impietatem.
1995 291 2104 319 Cuncta

463 353 501 378 sic
518 360 577 377 esse
596 359 644 376 ceu
663 350 722 374 dixi
739 349 767 373 in
786 347 896 373 duobus
915 346 1028 380 probari
1046 347 1142 379 potest
1159 333 1291 378 patenter
1308 344 1471 370 nominibus
1489 343 1657 377 singularisa
1675 344 1896 370 tantummodoa
1913 346 2034 376 numeri,
2051 345 2106 372 hoe

462 408 506 430 est
522 405 550 430 in
568 404 628 429 luce
646 402 751 435 pariter
767 403 797 425 et
814 408 890 433 pace.
911 399 973 424 Lux
989 398 1065 424 enim
1082 401 1112 423 et
1129 405 1186 430 pax
1203 397 1330 430 ingenita
1346 400 1376 422 et
1392 396 1442 422 lux
1459 399 1489 422 et
1505 405 1563 430 pax
1580 397 1686 430 genita,
1705 396 1858 430 quoniamb
1875 397 1925 423 lux
1943 401 2030 432 atque
2048 407 2105 432 pax

462 456 623 490 proadem,
644 462 699 479 non
721 457 777 478 tres
791 451 937 485 pluraliter
957 451 1032 477 luces
1046 454 1098 476 aut
1111 458 1194 483 paces
1208 449 1263 476 dici
1277 450 1410 476 sinuntur
1423 449 1459 475 ab
1473 452 1535 475 arte
1549 450 1736 483 grammatica
1749 458 1841 484 neque
1855 454 1913 476 tres
1926 451 2105 483 naturaliter,

462 513 494 534 ut
508 509 595 534 latrat
610 507 731 532 haeresis
747 505 875 534 Arriana,
890 511 981 537 neque
997 502 1182 537 personaliter
1196 511 1263 533 11113,
1279 503 1353 528 sicut
1367 503 1492 529 somniat
1507 502 1629 529 haeresis
1647 502 1815 529 sabelliana.
1833 502 1889 530 Sed
1904 504 2002 537 procul
2015 504 2104 531 dubio

460 562 509 586 lux
528 564 557 585 et
576 567 632 593 pax
651 561 694 584 est
713 557 881 584 naturaliter
900 565 957 582 una
975 559 1005 582 et
1024 555 1209 590 personaliter
1227 556 1312 586 trina,
1332 556 1406 581 sicut
1425 556 1601 589 amplectens
1619 556 1726 582 trinam
1744 561 1774 582 et
1792 565 1881 583 unam
1899 556 1986 583 fidem
2003 566 2037 584 ac
2055 566 2106 592 per

461 614 512 639 hoc
531 612 655 641 eredens,
673 610 819 640 confitens,
838 609 940 640 colens,
958 617 1061 635 canens
1079 609 1185 635 trinam
1202 612 1231 635 et
1248 617 1336 635 unam
1353 609 1445 635 lucem
1462 612 1492 634 et
1508 617 1618 643 pacem,
1637 610 1827 640 maiestatem,
1845 614 2030 643 potestatem,
2048 612 2105 645 pie-

460 670 560 695 tatem,
581 665 686 690 trinam
704 666 734 689 et
753 671 840 689 unam
859 662 1007 688 deitatem.
1037 661 1091 688 Sed
1111 662 1219 688 trinum
1238 666 1268 688 et
1287 670 1376 688 unum
1397 662 1490 688 Deum
1510 662 1601 688 credit
1619 665 1648 688 et
1668 662 1821 688 confitetur
1839 663 1972 689 ecelesiae
1992 672 2106 697 magna,

460 723 568 748 sancta,
585 716 733 747 catholica,
750 716 794 742 cui
809 716 898 749 gratis
913 715 983 741 data
998 718 1050 745 est,
1067 715 1152 741 datur
1167 719 1197 741 et
1211 715 1328 741 dabitur
1344 715 1396 741 Dei
1411 715 1512 748 gratia,
1528 719 1558 741 et
1573 715 1610 741 ob
1625 714 1654 741 id
1669 723 1784 749 prorsus
1800 715 1836 741 ab
1852 724 1886 742 ea
1900 716 2026 743 vicissim
2041 725 2106 751 sup-

460 771 570 805 pliciter
585 770 654 796 data
670 773 724 800 est,
740 769 826 795 datur
841 773 871 794 et
886 767 1003 794 dabitur
1018 769 1072 801 ipsi
1089 768 1180 794 trinae
1197 771 1227 794 et
1242 769 1292 794 uni
1308 767 1410 794 deitati
1426 773 1487 794 tam
1504 777 1555 802 per
1570 767 1683 794 saecula
1700 776 1786 802 quam
1803 768 1888 794 simul
1903 772 1934 795 et
1949 769 1978 795 in
1996 770 2108 797 saecula

459 825 517 850 iure
536 823 608 853 laus,
628 822 726 853 honor,
746 821 842 856 gloria.
864 821 964 847 Amen.
985 820 1073 847 quta
1092 821 1169 847 illam
1189 821 1362 847 sententiam
1381 821 1451 847 dent
1471 821 1541 847 mihi
1561 822 1741 856 sapientiam,
1760 821 1836 847 dabo
1855 821 1984 855 gloriam.
2004 822 2105 849 Amen.

460 875 621 903 Virtutibus
641 875 740 909 plenus
758 875 866 900 invitus
886 874 923 901 ad
942 874 1067 907 regimen
1086 874 1194 905 veniat,
1213 874 1369 900 virtutibus
1389 883 1497 900 vacuus
1516 883 1568 901 nec
1588 877 1703 901 coactus
1722 874 1849 901 accedat.

549 919 611 973 ,ΕΙΣ
634 926 804 957 Hactenus
819 924 892 954 abef
906 924 1082 961 haereseos,
1096 924 1188 956 hince
1201 931 1213 948 g
1228 935 1305 955 suae
1318 924 1554 955 inchoationise
1566 923 1665 955 verba
1681 928 1759 955 sunt
1776 924 1985 956 Gotescalcih.
2013 926 2106 964 Quod

458 980 623 1010 haereseos
644 978 849 1010 mortiferum
867 977 969 1014 virus,
990 977 1159 1008 idolatriae
1178 977 1300 1009 scilicet
1321 977 1446 1015 matris,
1465 988 1531 1018 qua
1552 977 1662 1019 plures
1680 977 1737 1015 dii,
1758 978 1860 1009 immo
1879 978 2052 1010 daemonia.
2072 979 2106 1011 in

461 1031 644 1063 simulacris
663 1031 828 1068 coluntur,
849 1030 998 1061 diabolus
1020 1031 1170 1062 scindens
1191 1041 1223 1062 se
1243 1042 1262 1062 a
1284 1031 1431 1062 caritatis
1452 1031 1593 1068 unitate,
1614 1030 1712 1062 verba
1726 1031 1787 1062 Dei
1807 1031 1962 1062 dicentis:
1982 1031 2108 1064 ‘Facia-

462 1096 535 1117 mus
550 1085 719 1116 hominem
736 1084 777 1115 ad
796 1084 974 1124 imaginem
992 1087 1024 1114 et
1043 1083 1295 1115 similitudinem
1313 1083 1471 1115 nostram’
1493 1083 1588 1121 male,
1608 1088 1646 1115 ut
1665 1083 1757 1121 solet,
1776 1084 1998 1125 interpretans
2015 1086 2106 1117 adin-

457 1138 550 1170 venit
564 1141 597 1169 et
612 1148 670 1169 sua
686 1137 820 1174 invidia,
835 1147 901 1178 qua
918 1148 1004 1168 mors
1019 1137 1053 1168 in
1067 1137 1180 1168 orbem
1193 1141 1357 1168 terrarum
1372 1137 1522 1175 intravit,
1538 1137 1572 1168 in
1588 1148 1665 1169 suco
1681 1137 1773 1179 pomi
1787 1137 1867 1179 ligni
1879 1138 1977 1169 vetiti
1991 1138 2107 1179 primis

459 1191 648 1223 hominibus
664 1190 853 1232 propinavit
869 1190 995 1221 dicens:
1010 1189 1124 1221 ‘Eritis
1140 1190 1225 1221 sicut
1239 1190 1308 1228 dii',
1324 1201 1403 1222 cum
1417 1191 1517 1228 Deus,
1533 1191 1591 1231 qui
1608 1194 1657 1222 est
1673 1194 1786 1222 sancta
1802 1190 1946 1228 trinitas,
1958 1194 1997 1222 ut
2005 1192 2107 1223 Atha-

461 1244 589 1276 nasius1
609 1244 642 1275 in
663 1244 743 1275 libro
761 1244 801 1275 de
821 1243 961 1284 propriis
980 1243 1126 1284 personis
1145 1247 1177 1275 et
1195 1244 1235 1275 (10
1254 1244 1348 1274 unito
1369 1244 1501 1275 nomine
1520 1244 1654 1275 deitatis
1672 1247 1705 1275 et
1726 1243 1893 1276 Hilarius2
1910 1248 2011 1285 atque
2028 1245 2107 1277 Am-

458 1297 585 1328 brosius
601 1297 634 1328 in
651 1297 740 1328 libris
755 1297 794 1328 de
811 1295 894 1328 fide3
910 1300 943 1327 et
951 1297 1158 1337 Augustinus
1173 1297 1207 1328 in
1223 1296 1313 1328 libris
1328 1297 1367 1328 de
1382 1297 1533 1328 trinitate
1544 1296 1557 1315 ‘¹
1572 1297 1763 1335 ostendunt,
1779 1297 1813 1328 in
1828 1297 1992 1329 creatione
2009 1299 2107 1339 primi

458 1351 601 1382 hominis
618 1350 754 1381 dixerit:
773 1349 961 1381 ‘Faciamus
978 1350 1148 1381 hominem
1166 1350 1207 1381 ad
1227 1350 1405 1391 imaginem
1424 1354 1457 1381 et
1477 1350 1732 1382 similitudinem
1750 1350 1922 1382 nostram’.
1943 1349 2106 1392 Singulari

457 1404 581 1445 quippe
601 1414 738 1434 numero
757 1403 868 1434 dicens
886 1402 1079 1444 ‘imaginem
1097 1407 1131 1434 et
1151 1403 1414 1435 similitudinem’
1435 1403 1580 1434 ostendit
1600 1414 1666 1434 non
1685 1403 1822 1441 trinam,
1843 1403 1898 1434 sed
1917 1414 2021 1436 unam
2041 1415 2107 1436 0550

460 1460 626 1493 naturam,
643 1457 703 1488 hoc
722 1460 770 1487 est
787 1457 958 1494 deitatem,
975 1456 1017 1487 ad
1034 1456 1129 1487 cuius
1146 1456 1324 1497 imaginem
1340 1457 1439 1488 homo
1457 1456 1559 1488 fieret.
1576 1457 1627 1488 Ad
1646 1457 1825 1497 imaginem
1840 1456 1994 1488 videlicet
2012 1468 2107 1490 suam

459 1513 572 1541 sancta
596 1510 729 1541 trinitas
753 1521 840 1540 unus
862 1510 952 1541 Deus
977 1509 1054 1541 fecit
1078 1509 1184 1546 illum,
1211 1510 1295 1541 sicut
1320 1520 1410 1541 sacra
1436 1510 1598 1551 scriptura
1624 1510 1798 1542 manifeste
1821 1510 2038 1542 demonstrat.
2062 1511 2107 1543 Et

457 1564 568 1594 dicens
588 1563 758 1604 pluraliter
780 1562 977 1594 ‘Faciamus’
995 1566 1028 1594 et
1048 1562 1220 1594 ‘nostram’
1242 1563 1386 1594 ostendit
1406 1563 1526 1601 Deum,
1553 1563 1594 1594 ad
1614 1563 1709 1594 cuius
1729 1563 1909 1604 imaginem
1933 1564 2032 1596 homo
2052 1563 2107 1596 fie-

457 1614 544 1651 bati,
569 1614 653 1647 noni
678 1618 799 1648 unam¹
824 1627 891 1647 esse
909 1627 1095 1658 personam,
1121 1616 1175 1647 sed
1192 1620 1259 1647 tres
1275 1627 1342 1648 esse
1360 1626 1525 1657 personas.
1544 1615 1595 1647 Sic
1613 1620 1647 1647 et
1663 1617 1703 1648 de
1721 1627 1769 1654 eo,
1786 1617 1875 1658 quod
1891 1617 2056 1648 Dominus
2073 1618 2105 1649 in

462 1668 627 1710 evangelio
640 1669 783 1701 dixerat:
796 1669 876 1711 ‘Ego
889 1674 922 1700 et
935 1673 1028 1711 pater
1041 1680 1149 1701 unum
1161 1669 1298 1707 sumus',
1312 1670 1399 1700 idem
1411 1669 1560 1701 diabolus
1571 1669 1606 1700 in
1618 1670 1705 1701 vasis
1718 1669 1779 1701 sibi
1790 1670 1959 1711 condignis
1971 1670 2108 1712 loquens

462 1722 619 1754 unionem
634 1722 667 1753 in
682 1723 833 1754 trinitate
849 1733 1063 1764 personarum
1079 1733 1136 1764 per
1151 1721 1331 1754 sabellium
1344 1723 1468 1760 docuit,
1483 1723 1539 1754 cui
1553 1723 1587 1754 in
1602 1723 1690 1754 dicto
1705 1722 1844 1755 ‘sumus’
1862 1723 1983 1755 mentis
1997 1724 2107 1755 oculos

460 1775 591 1813 clausit,
609 1779 642 1807 et
661 1787 718 1817 per
734 1776 868 1807 Arrium
887 1776 986 1807 unius
1003 1776 1137 1807 deitatis
1156 1775 1378 1808 substantiam
1395 1775 1519 1813 divisit,
1537 1776 1592 1807 0111
1608 1775 1714 1807 veluti
1733 1780 1766 1807 et
1785 1776 1901 1818 primis
1917 1776 2108 1808 hominibus

462 1829 624 1860 mentiens
640 1828 751 1860 oculos
766 1829 807 1860 ad
824 1829 997 1861 scientiam
1014 1828 1089 1860 mali
1105 1829 1236 1871 aperuit
1253 1833 1285 1860 et
1300 1829 1342 1860 ad
1357 1828 1437 1860 boni
1451 1840 1488 1860 ac
1498 1829 1567 1860 veri
1584 1829 1757 1861 scientiam
1772 1829 1894 1861 clausit
1911 1829 1945 1861 in
1961 1841 2009 1868 οο,
2019 1831 2106 1872 quod

460 1882 585 1914 dictum
606 1886 654 1913 est
675 1882 818 1920 ‘unum’‚
841 1894 881 1913 ne
902 1882 961 1914 fiat
982 1882 1140 1924 discretio·
1156 1882 1340 1924 potestatis.
1363 1881 1464 1914 Cuius
1485 1882 1701 1924 inspiratione
1724 1882 1955 1914 (31οῒ05031011511
1972 1883 2106 1915 Arrium

461 1946 556 1966 sensu
576 1946 723 1976 sequens,
741 1946 841 1976 quem
858 1935 1056 1967 verbotenus
1073 1936 1285 1972 detestaturk,
1304 1939 1379 1977 post
1396 1935 1564 1977 cognitam
1588 1935 1759 1967 immanis¹
1778 1935 1906 1967 sceleris
1923 1936 2107 1969 vindictam

461 1988 495 2018 in
511 1988 623 2019 eodem
637 1989 729 2020 Arrio
746 1989 923 2020 iustissime
940 1989 1020 2020 satis
1036 1992 1209 2020 exortarum
1225 1989 1350 2020 trinam
1365 1989 1523 2020 deitatem
1538 1989 1760 2030 dogmatizare
1777 2000 1843 2020 non
1858 1989 1968 2021 timet.
1987 1989 2107 2022 Contra

459 2052 552 2082 quos,
564 2042 697 2073 Arrium
709 2041 860 2073 videlicet
874 2046 906 2073 et
918 2042 1015 2080 Arrii,
1030 2042 1132 2074 immo
1147 2042 1251 2084 ipsius
1262 2041 1394 2079 diaboli,
1408 2041 1515 2073 filium
1530 2041 1770 2079 Gotescalcum,
1784 2042 1903 2073 beatus
1914 2042 2107 2074 Ambrosius

461 2098 573 2125 sancto
596 2094 713 2135 spiritu
735 2095 916 2136 inspirante
937 2096 971 2126 in
993 2095 1074 2126 libro
1094 2096 1211 2126 tertio¹³
1231 2095 1271 2127 de
1293 2095 1411 2137 spiritu
1432 2098 1545 2126 sancto
1567 2105 1735 2136 exponens
1755 2095 1960 2137 apostolum:
1980 2095 2107 2128 ‘Gratia

464 2147 589 2178 domini
611 2148 713 2178 nostri
734 2147 808 2179 Iesu
830 2148 949 2180 Christi
970 2152 1002 2179 et
1022 2149 1141 2180 caritas
1160 2149 1221 2180 Dei
1241 2152 1274 2180 et
1293 2148 1550 2180 communicatio
1572 2148 1708 2190 spiritus
1729 2149 1834 2179 sancti
1854 2160 1933 2180 cum
1952 2148 2107 2181 omnibus

459 2199 579 2232 vobis’:
596 2203 778 2231 Advertimus
793 2205 889 2238 igitur,
905 2202 1013 2243 inquit
1023 2201 1045 2239 5,
1064 2205 1139 2239 quod
1155 2208 1237 2239 pater
1251 2210 1281 2231 et
1296 2205 1370 2231 filius
1384 2209 1414 2231 et
1429 2205 1544 2239 spiritus
1560 2207 1675 2231 sanctus
1690 2205 1719 2231 in
1734 2213 1792 2231 uno
1807 2204 1964 2239 eodemque
1979 2202 2105 2244 templo

459 2264 510 2290 per
524 2261 644 2282 naturae
660 2257 785 2283 eiusdem
804 2261 938 2284 maneant
954 2258 1105 2285 unitatem.
1123 2259 1198 2292 Ergo
1214 2258 1327 2285 divinae
1343 2262 1388 2284 est
1403 2259 1556 2292 potestatis
1573 2259 1622 2292 qui
1637 2258 1752 2284 habitat
1762 2258 1791 2284 in
1802 2258 1919 2292 templo.
1939 2257 2020 2285 Sicut
2029 2259 2105 2285 enim

460 2311 550 2343 patris
565 2312 595 2335 et
612 2309 669 2340 filii,
685 2311 726 2335 ita
741 2314 771 2336 et
787 2311 920 2343 spirituso
936 2320 1033 2337 sumus
1050 2312 1199 2346 templum,
1216 2320 1273 2337 non
1290 2312 1381 2338 multa
1396 2311 1514 2345 templa,
1531 2311 1580 2338 sed
1596 2320 1687 2337 unum
1702 2311 1852 2344 templum,
1870 2312 1918 2345 qui
1934 2312 2017 2338 unius
2033 2315 2105 2338 tem-

545 2432 568 2459 a)
587 2431 769 2455 tantummodo
787 2431 921 2460 singularis
939 2432 1018 2457 Sirra.
1105 2431 1130 2463 b)
1149 2434 1211 2464 quin
1227 2436 1253 2456 et
1266 2433 1343 2457 Sirm.
1427 2435 1450 2462 ο)
1469 2433 1550 2460 eccla„
1571 2431 1690 2456 :wischen
1708 2430 1718 2456 1
1737 2433 1791 2456 und
1809 2440 1825 2455 a
1843 2434 1855 2456 1
1879 2431 1979 2456 Buchst.
2000 2433 2054 2456 rad.
2076 2432 2107 2456 Β.

463 2472 487 2502 (1)
510 2473 558 2497 Am
576 2474 661 2498 Raude
677 2474 707 2498 B.
828 2478 851 2505 e)
874 2476 908 2500 So
926 2477 961 2504 B‚·
984 2477 1048 2500 Sirim
1067 2477 1123 2501 bzw.
1141 2477 1309 2508 Wortstellunq
1330 2477 1430 2502 unkzar.
1538 2475 1558 2507 f)
1577 2476 1648 2501 Fehu
1669 2476 1746 2500 Sirm.
1870 2479 1893 2506 8)
1914 2477 2008 2501 abhinc
2029 2476 2106 2501 Sirm.

463 2516 487 2545 ὴ)
509 2518 524 2541 h
545 2518 662 2541 :wischen
682 2522 693 2541 t
712 2519 765 2543 und
783 2527 796 2542 e
814 2520 868 2543 rad.
884 2520 913 2543 B.
1035 2519 1053 2550 i)
1074 2521 1250 2546 Amcheinend
1267 2523 1313 2549 aut
1334 2522 1394 2545 Rae.
1413 2521 1475 2545 verb.
1497 2521 1528 2544 B.
1648 2519 1673 2550 ¹³)
1693 2520 1806 2548 Dammhs,
1826 2520 1955 2545 innerhalb
1973 2521 2015 2545 der
2031 2521 2105 2549 Zeile,

460 2561 660 2585 Zwischenrawn
676 2570 722 2585 ron
740 2565 799 2586 ewa
818 2565 849 2587 16
867 2563 982 2591 Βυ(77.ςί.,·
1000 2565 1167 2589 anscheinend
1185 2566 1254 2589 hcine
1274 2566 1335 2590 Rae.
1358 2566 1389 2589 B.
1508 2563 1527 2595 ¹)
1553 2573 1564 2588 5
1585 2565 1630 2588 mit
1651 2565 1780 2589 dunklerer
1803 2565 1876 2589 Time
1899 2564 2049 2596 iiberqeechr.
2075 2565 2106 2590 B.

463 2608 495 2634 m)
510 2609 626 2637 apertam
642 2607 718 2630 Sirm.
806 2610 829 2637 ῃ)
843 2607 913 2631 ΓεῘιΙι·
928 2608 1004 2632 sirm.
1089 2611 1113 2639 0)
1129 2611 1210 2633 sancti
1225 2610 1383 2640 hi'nzuqej‘iiqt
1398 2609 1475 2634 Sirm.

2134 776 2160 796 10
2207 775 2212 786 '

2134 1041 2161 1062 15

2134 1309 2161 1328 20
2206 1293 2217 1321 [J

2206 1341 2208 1352 l

2134 1574 2161 1595 2⁵

2132 1840 2215 1867 30

2131 2106 2160 2127 35
2196 2091 2209 2131 ,’

2131 2439 2158 2458 40
2201 2443 2205 2454 ¹

556 2703 580 2733 l)
601 2702 843 2732 Ps.-At.11r1naffltus‚
864 2704 901 2728 De
918 2704 1037 2729 trim'tnte
1054 2705 1098 2730 lib.
1114 2706 1128 2730 I
1131 2706 1146 2731 I
1150 2726 1156 2735 ,
1174 2706 1283 2732 betitelt:
1303 2701 1357 2732 ‘De
1370 2706 1492 2739 propriis
1505 2706 1629 2739 personis
1645 2709 1667 2731 et
1685 2706 1716 2731 de
1733 2706 1809 2732 77711710
1826 2706 1935 2731 nomine
1952 2702 2105 2736 trinitatis',
2129 2711 2157 2732 45
2190 2732 2192 2739 A

463 2746 558 2778 Miyne
580 2746 623 2776 62,
641 2747 692 2772 ⁴245
700 2747 727 2780 [j.
823 2748 851 2779 2)
867 2748 906 2773 De
921 2748 1039 2774 trinitate
1054 2749 1116 2774 libri
1132 2750 1204 2779 XII,
1221 2750 1317 2783 Miyne
1332 2750 1368 2780 X,
1384 2750 1435 2783 9ff.
1529 2751 1557 2782 3)
1574 2750 1669 2783 Miyne
1684 2750 1762 2781 XVI,
1777 2750 1864 2784 527ff.
1966 2751 1994 2782 4)
2010 2750 2106 2783 Miqne

463 2790 505 2820 42,
524 2790 558 2815 2⁴2
588 2811 592 2815 .
687 2793 714 2822 5)
733 2791 791 2816 Lib.
810 2791 862 2817 III
879 2792 957 2822 c.12‚
977 2793 1071 2825 Miyne
1090 2794 1166 2821 XVI,
1186 2795 1244 2819 798.
