2220 3192
354 299 425 327 863.

276 2165 342 2184 Rom.
355 2165 389 2187 12,
402 2165 437 2183 10.

249 2191 298 2214 Vgl.
312 2191 361 2210 Gal.
373 2191 393 2213 5,
404 2191 437 2210 13.

302 2231 361 2254 Eph.
373 2231 392 2254 5,
403 2231 441 2252 21.

457 206 516 234 136
1015 200 1201 227 HINKMAR
1224 199 1302 226 VON
1327 198 1446 225 REIMS
1473 199 1532 224 160.

452 300 566 325 videtur
583 297 725 330 incognita
743 295 843 329 synodi
863 294 1031 320 constitutio
1050 292 1202 322 Nichenae‚
1222 299 1293 324 quae
1310 291 1353 317 ita
1370 290 1520 324 praecipit,
1544 295 1577 316 ut
1594 290 1694 316 eadem
1712 290 1825 324 proprie
1844 290 1932 317 verba
1949 299 2098 325 ponamus,

453 361 502 386 per
518 357 746 383 unamquamque
764 348 937 381 provintiam
954 347 997 371 ius
1015 334 1250 378 metropolitanos
1272 343 1396 376 singulos
1413 343 1516 369 habere
1533 343 1634 369 debere
1651 351 1702 369 nec
1720 343 1853 377 cuiquam
1870 343 1941 370 duas
1957 353 2017 370 esse
2034 346 2098 372 sub-

452 407 553 434 ivetam
566 403 639 437 quod
652 402 701 432 illi,
714 401 780 434 quia
791 400 874 426 aliter
886 398 1057 425 credendum
1069 406 1125 423 non
1137 400 1191 427 est,
1203 396 1375 423 servandum
1387 399 1487 422 saneto
1498 397 1601 429 spiritu
1613 399 1779 430 suggerente
1792 396 1908 422 sibimet
1919 402 2097 425 censuerunt.

451 455 493 485 Et
517 452 717 483 (iaolestinus
738 449 850 479 dicitlz
874 452 915 477 Ut
935 452 1018 477 iuxta
1039 451 1154 476 decreta
1176 458 1317 476 canonum
1338 457 1526 483 unaquaeque
1549 449 1696 483 provintia
1716 457 1768 476 suo
1790 450 2012 483 metropolitano
2035 461 2099 478 con-

452 513 532 535 tenta
549 509 596 538 sit,
610 510 642 533 ut
659 506 810 532 decessoris
828 505 918 531 nostri
934 504 1004 530 data
1021 504 1057 529 ad
1068 503 1281 529 Narbonensem
1298 503 1462 536 episcopum
1481 503 1628 528 continent
1646 503 1814 533 constituta,
1831 511 1882 529 nec
1899 505 2100 537 usurpationia

451 563 527 587 locus
542 561 624 586 alicui
638 558 777 585 sacerdoti
790 558 821 583 in
834 557 951 584 alterius
966 556 1137 583 concedatur
1154 557 1271 582 iniuria.
1292 555 1336 581 Sit
1350 556 1488 582 concessis
1501 555 1555 581 sibi
1570 558 1721 582 contentus
1735 557 1929 590 unusquisque
1946 557 2099 589 limitibus;

451 615 522 641 altor
535 614 563 639 in
578 613 693 639 alterius
708 611 852 645 provintia
865 610 935 636 nihil
949 612 1122 644 praesumat.
1146 606 1190 637 Et
1202 605 1446 637 Anthiocenum
1460 605 1539 636 dicit
1548 605 1562 625 ²
1574 605 1761 643 concilium,
1783 609 1821 637 ut
1841 609 1935 635 nullus
1952 611 2099 645 episcopus

451 676 485 693 cx
502 667 556 693 alia
572 665 715 699 provintia
731 664 837 690 audeat
851 663 888 689 ad
903 663 989 690 aliam
1005 663 1173 697 transgredi,
1188 663 1242 689 nisi
1257 662 1360 688 litteris
1375 665 1436 688 tam
1453 663 1667 696 metropolitani
1683 671 1769 696 quam
1786 666 1955 694 ceterorum,
1972 664 2019 697 qui
2036 673 2100 691 cum

450 729 483 745 eo
501 722 578 749 sunt,
596 719 792 751 episcoporum
811 719 927 751 rogatus
945 716 1091 743 adveniat.
1113 716 1142 742 Si
1160 725 1227 742 vero
1246 715 1324 742 nullo
1342 718 1464 742 vocante
1482 715 1646 742 inordinato
1665 724 1742 742 more
1761 716 1932 749 deproperet
1948 725 2033 750 super
2051 718 2100 744 ali-

452 773 553 806 quibus
571 770 798 797 ordinationibus
816 773 846 795 et
862 770 1060 796 ecclesiasticis
1078 770 1198 803 negotiis
1215 769 1252 795 ad
1269 778 1334 795 eum
1353 777 1409 794 non
1428 769 1637 802 pertinentibus
1657 769 1869 802 componendis,
1886 769 1968 797 irrita
1986 771 2100 804 quidem

452 834 523 859 quae
537 825 572 851 ab
584 833 617 850 eo
629 828 765 858 geruntur
776 823 905 849 existant
910 832 917 853 ;
928 823 988 857 ipse
1001 831 1068 848 vero
1079 823 1261 856 incompositi
1274 826 1369 848 motus
1381 822 1424 848 sui
1435 825 1466 847 et
1478 822 1688 848 inrationabilis
1699 822 1836 848 audaciae
1849 822 1951 849 subeat
1962 823 2100 850 ultionem

450 887 485 904 ex
500 879 552 904 hoe
565 878 623 904 iam
638 877 791 903 damnatus
806 886 823 903 a
837 879 936 903 sancto
952 876 1082 907 concilim
1107 876 1142 903 et
1156 872 1270 903 itemssz
1295 875 1324 901 Si
1340 876 1402 909 quis
1417 878 1515 901 autem
1530 875 1587 902 tale
1603 875 1710 909 ahquid
1725 875 1817 902 facere
1832 878 2100 910 praesumpserit,

450 932 530 957 irrita
544 931 582 956 sit
594 931 654 956 eius
668 930 811 957 ordinatio
824 933 854 955 et
866 930 926 963 ipse
942 932 1103 956 coerceatur
1117 939 1134 955 a
1147 929 1266 963 synodo.
1282 929 1356 955 Nam
1370 929 1393 954 si
1407 928 1538 955 ordinare
1551 937 1609 954 non
1623 929 1761 962 potuerit,
1774 929 1938 955 nullatenus
1951 930 2099 957 iudicabit.

451 981 495 1013 Et
517 984 649 1012 sanctus
671 979 843 1020 Gregorius
864 979 906 1011 ad
925 978 1152 1020 Augustinum
1171 978 1353 1019 Anglorum
1374 978 1658 1019 archiepiscopum
1679 978 1715 1010 in
1735 979 1873 1010 decretis
1895 979 1962 1010 suis
1983 979 2098 1011 dicit4:

450 1038 523 1070 Quia
538 1038 677 1070 scriptum
692 1042 737 1062 est
751 1037 780 1062 in
796 1036 869 1070 lege:
892 1032 958 1062 ‘Per
973 1036 1095 1062 alienam
1112 1044 1231 1062 messem
1248 1036 1388 1062 transiens
1404 1035 1505 1061 falcem
1523 1036 1637 1062 mittere
1653 1043 1710 1061 non
1726 1035 1822 1066 debet,
1838 1035 1887 1061 sed
1903 1045 1990 1062 manu
2006 1037 2097 1070 spicas

451 1087 621 1121 conterere';
637 1090 738 1117 falcem
754 1090 829 1116 enim
845 1089 943 1115 iudicii
960 1090 1073 1115 mittere
1090 1098 1147 1115 non
1163 1092 1245 1122 potes
1260 1089 1290 1115 in
1306 1097 1340 1115 ea
1355 1092 1459 1122 segete,
1477 1097 1548 1122 quae
1565 1089 1648 1115 alteri
1663 1089 1779 1114 videtur
1794 1097 1854 1114 esse
1872 1090 2030 1116 commissa.
2056 1087 2101 1118 Et

451 1142 531 1172 item
542 1140 786 1172 Anthiocenum
796 1138 974 1171 concilium
985 1139 1063 1170 dicii
1074 1139 1100 1169 5:
1117 1142 1145 1168 Si
1159 1143 1221 1176 quis
1232 1143 1380 1176 episcopus
1393 1141 1427 1168 de
1441 1143 1524 1168 certis
1537 1142 1702 1169 criminibus
1714 1145 1864 1168 accusatus
1877 1142 2101 1177 condempnetur

451 1198 488 1224 ab
506 1197 637 1223 omnibus
655 1197 781 1222 eiusdem
800 1196 960 1230 provintiae
978 1196 1118 1230 episcopis
1137 1196 1287 1229 cunctique
1307 1198 1496 1222 consonanter
1513 1195 1634 1222 eandem
1653 1198 1754 1222 contra
1770 1204 1836 1221 eum
1854 1195 1976 1222 formam
1994 1196 2101 1222 decreti

451 1251 631 1285 protulerint,
646 1250 721 1276 hunc
736 1250 813 1283 apud
828 1249 898 1276 alios
920 1249 1083 1275 nullomodo
1104 1249 1234 1280 iudicari,
1255 1249 1304 1275 sed
1327 1248 1438 1275 firmam
1461 1249 1696 1275 concordantium
1718 1249 1916 1282 episcoporum
1939 1250 2100 1282 provintiae

452 1312 564 1330 manere
594 1304 777 1329 sententiam.
816 1299 861 1330 Et
884 1298 1089 1330 sardicenses
1110 1309 1251 1330 canones
1273 1298 1422 1332 dicuntss.
1446 1303 1484 1329 ut
1505 1303 1529 1328 si
1551 1302 1654 1336 aliquis
1676 1303 1826 1336 episcopus
1847 1302 1992 1328 iudicatus
2014 1303 2102 1329 fuerit

450 1358 480 1383 in
496 1357 593 1390 aliqua
611 1365 694 1383 eausa
711 1360 741 1382 et
757 1360 843 1390 putat
865 1364 893 1381 se
911 1356 1016 1382 bonam
1033 1364 1148 1382 causam
1166 1355 1279 1386 habere,
1303 1358 1336 1381 ut
1358 1356 1462 1382 iterum
1487 1355 1637 1382 concilium
1660 1360 1824 1386 renovetur,
1847 1356 1870 1381 si
1893 1356 1974 1381 vobis
1996 1356 2101 1390 placet,

451 1411 542 1437 sancti
570 1410 646 1436 Petri
671 1409 795 1443 apostoli
819 1410 985 1435 memoriam
1008 1409 1189 1440 honoremuS‚
1214 1414 1248 1435 ut
1270 1409 1413 1435 scribatur
1437 1409 1474 1435 ab
1498 1409 1551 1439 his,
1577 1409 1624 1442 qui
1650 1417 1765 1435 causam
1789 1409 2002 1440 examinarunt,
2027 1409 2100 1436 Iulio

452 1464 582 1490 Romano
599 1464 731 1497 episcopo
749 1469 788 1493 et,
806 1463 829 1488 si
846 1462 1018 1489 iudicaverit
1034 1462 1231 1488 renovandum
1248 1470 1308 1487 esse
1332 1462 1480 1492 iudicium,
1506 1466 1660 1488 renovetur
1683 1466 1713 1487 et
1737 1462 1787 1488 det
1809 1462 1931 1492 iudices;
1956 1463 1978 1488 si
2003 1466 2101 1489 autem

451 1517 618 1551 probaverit
635 1517 723 1543 talem
742 1525 857 1542 causam
875 1524 945 1546 esse,
969 1519 1003 1542 ut
1020 1524 1077 1542 non
1095 1516 1264 1541 refricentur
1288 1524 1331 1546 ea,
1358 1524 1429 1549 quae
1456 1519 1521 1542 acta
1546 1519 1624 1546 sunt,
1650 1523 1722 1549 quae
1748 1515 1908 1541 decreverit
1932 1515 2100 1542 confirmata

450 1574 543 1596 erunt.
584 1566 658 1597 Non
684 1566 773 1597 enim
798 1565 933 1596 alterius
958 1565 1104 1596 civitatis
1129 1565 1281 1607 episcopo
1307 1576 1349 1596 ex
1374 1565 1434 1596 hoc
1460 1568 1520 1596 aut
1546 1565 1703 1597 honorem
1728 1565 1851 1596 deferre
1877 1569 1936 1596 aut
1962 1565 2097 1597 scribere

451 1620 567 1651 iubent
585 1630 725 1650 canones
746 1619 808 1650 nisi
826 1619 977 1650 Romano
999 1618 1158 1660 pontifici.

542 1684 571 1712 23.
604 1682 628 1718 Q
636 1681 697 1712 uod
716 1684 829 1712 autem
851 1681 1102 1712 Calcedonenses
1120 1691 1261 1711 canones
1279 1680 1392 1711 dicunt
1404 1680 1427 1717 ⁷,
1449 1683 1497 1716 ut,
1518 1685 1541 1709 si
1560 1684 1697 1710 adversus
1715 1684 1842 1710 eiusdem
1861 1684 2023 1718 provintiae
2045 1693 2101 1710 me-

452 1739 659 1772 tropolitanum
674 1739 822 1772 episcopus
838 1738 883 1763 vel
900 1738 1015 1764 clericus
1031 1737 1119 1763 habet
1135 1737 1287 1771 querelam,
1304 1740 1385 1770 petat
1400 1737 1553 1770 primatem
1569 1737 1712 1763 dioceseos
1727 1741 1780 1763 aut
1795 1737 1890 1763 sedem
1906 1738 1998 1771 regiae
2013 1737 2100 1769 urbis,

452 1799 535 1829 quae
552 1788 644 1819 nobis
659 1792 707 1818 est
720 1788 826 1819 Roma
837 1787 859 1821 ⁸,
876 1794 907 1817 et
921 1791 998 1825 apud
1012 1791 1107 1824 ipsum
1121 1790 1276 1817 iudicetur:
1291 1787 1348 1827 qui
1362 1787 1552 1818 huiusmodi
1569 1787 1692 1828 primas
1707 1798 1775 1818 esse
1790 1787 1951 1818 desiderat
1966 1791 1999 1818 et
2013 1788 2100 1818 hunc

453 1842 631 1883 primatem
651 1841 767 1872 habere
790 1852 822 1872 se
844 1841 957 1877 iactat,
979 1841 1132 1872 ostendat
1153 1841 1228 1871 inde
1248 1840 1483 1871 auctoritatem
1503 1839 1702 1882 apostolicae
1725 1840 1819 1878 sedis,
1841 1840 1919 1881 quia
1942 1840 2001 1872 sub
2023 1851 2100 1871 cura

453 1906 511 1926 sua
532 1894 802 1936 metropolitanos
820 1895 990 1936 episcopos
1008 1894 1138 1931 habeat,
1157 1894 1242 1925 sicut
1259 1892 1502 1925 Alexandrinus
1521 1897 1554 1924 et
1570 1894 1797 1925 Anthioccnus
1816 1894 1989 1935 episcopus
2008 1898 2041 1925 et
2060 1894 2101 1925 ex

452 1947 652 1989 delegatione
676 1948 759 1979 sedis
781 1947 1000 1989 apostolicae⁹
1025 1946 1318 1978 Thessalonicensis
1341 1947 1514 1989 episcopus
1538 1950 1571 1977 et
1594 1947 1628 1978 in
1652 1950 1801 1988 tempore
1825 1958 1883 1978 suo
1906 1947 2043 1988 quidam
2066 1948 2101 1978 in

454 2000 577 2033 Galliis.
607 2001 801 2042 Numquam
820 2005 935 2032 autem
956 2000 1166 2032 Treverenses
1185 2000 1237 2031 vel
1258 1999 1451 2031 Colonenses
1471 2000 1617 2041 episcopi
1636 2000 1836 2038 habuerunt,
1856 2003 2022 2041 quatenus
2043 2011 2101 2031 nos

453 2055 518 2085 eisb
538 2054 673 2085 subdere
692 2054 880 2095 regulariter
899 2053 1122 2085 debeamus.¹⁰

534 2118 563 2147 3.
581 2116 743 2153 Ceterum,
755 2117 870 2147 fratres
880 2120 913 2147 et
922 2120 1087 2147 consortes
1096 2126 1133 2147 ac
1144 2126 1322 2156 compares,
1334 2118 1500 2156 quantum
1511 2118 1638 2156 spectat
1648 2115 1689 2146 ad
1700 2115 1867 2156 regiminis
1878 2114 2096 2156 privilegium,

454 2169 585 2200 ‘honore
600 2169 741 2201 invicem
758 2169 1015 2210 praevenientes’
1027 2173 1060 2200 et
1076 2180 1132 2211 per
1145 2169 1318 2200 caritatem
1333 2168 1473 2200 invicem
1489 2168 1666 2199 servientes
1681 2171 1781 2208 atque
1793 2167 1944 2199 ‘subiecti
1958 2169 2100 2200 invicem

454 2223 488 2253 in
507 2223 625 2253 timore
641 2222 770 2253 Christi’
791 2223 971 2254 secundum
990 2222 1179 2264 apostolum
1199 2223 1332 2254 erimus
1369 2222 1534 2259 Quoniam
1553 2221 1610 2262 qui
1630 2221 1774 2252 ordinari
1794 2232 1813 2252 a
1835 2220 2049 2262 suffraganeis
2067 2226 2101 2252 et

454 2275 674 2316 suffraganeos
688 2276 837 2306 ordinare
852 2279 884 2306 et
900 2275 1112 2317 provintiales
1127 2276 1266 2316 synodos
1280 2285 1456 2306 convocare
1477 2278 1510 2306 et
1523 2274 1666 2306 Romam
1688 2274 1755 2305 sive
1777 2275 1818 2305 ad
1833 2275 2034 2306 comitatum
2047 2274 2100 2306 vel

456 2328 510 2359 ubi
522 2332 555 2358 et
568 2328 621 2359 ubi
634 2327 761 2369 longius
773 2329 817 2359 ire
829 2333 861 2359 et
872 2329 1079 2370 coepiscopos
1091 2340 1166 2360 suos
1176 2328 1304 2369 longius
1315 2328 1474 2360 abeuntes
1485 2328 1553 2359 suis
1564 2327 1712 2369 epistolis
1725 2327 1877 2368 prosequi
1887 2331 1920 2358 et
1932 2327 2099 2359 licentiam

538 2447 561 2472 ²¹)
579 2444 612 2467 So
630 2444 660 2467 B.
771 2442 796 2472 b)
812 2445 834 2467 ei
848 2444 878 2467 B.

549 2532 573 2561 l)
594 2530 683 2555 fodea-
702 2539 834 2555 εακηοηιιγη
858 2531 959 2563 (1609)
980 2531 1008 2556 S.
1024 2531 1075 2556 423
1094 2532 1176 2562 c..17,-
1197 2531 1349 2557 Hinschius
1367 2532 1396 2557 S.
1410 2531 1462 2557 560
1480 2539 1501 2556 c.
1515 2531 1531 2555 4
1553 2530 1648 2562 (J.-K.
1669 2530 1748 2562 369).
1853 2531 1880 2561 2)
1900 2529 1931 2555 C.
1947 2530 1991 2559 13,
2009 2530 2100 2555 Codez

455 2584 590 2599 canonum
610 2574 711 2607 (1009)
731 2574 759 2599 S.
774 2575 847 2607 0¹1).;
874 2575 1028 2600 Hinschins
1045 2576 1073 2600 S*
1088 2577 1149 2601 271.
1271 2576 1298 2607 3)
1325 2575 1355 2601 C.
1369 2575 1412 2605 ¹22,
1437 2574 1528 2600 Codex
1550 2583 1685 2600 canonum
1706 2574 1807 2607 (1609)
1827 2576 1855 2599 S.
1870 2574 1918 2604 66,·
1944 2574 2098 2600 Hinschius

455 2619 483 2643 S.
499 2619 559 2643 272.
689 2620 716 2650 4)
741 2619 805 2643 ΜΗ.
824 2619 912 2651 Epist.
931 2619 974 2647 II.
993 2620 1044 2644 337
1061 2628 1082 2645 c.
1098 2621 1112 2645 7
1132 2620 1224 2652 (J.-E.
1243 2620 1340 2653 1843).
1469 2620 1496 2650 5)
1517 2618 1548 2644 C.
1563 2619 1605 2648 15,
1624 2618 1714 2643 Codex
1731 2627 1867 2644 canonum.
1887 2618 1988 2651 (1609)
2007 2618 2035 2644 S.
2050 2618 2097 2648 63,-

455 2663 608 2688 Hinschius
625 2663 654 2687 S.
669 2664 729 2688 2272.
843 2664 870 2694 ὕ)
894 2663 984 2688 Codex
1006 2672 1139 2689 canonum
1160 2664 1262 2696 (1009)
1286 2664 1314 2689 S.
1329 2663 1405 2696 159j.
1423 2672 1444 2689 c.
1458 2663 1490 2693 3,·
1513 2662 1667 2688 Hinschius
1690 2662 1718 2688 S.
1733 2663 1786 2688 267
1804 2672 1825 2688 r.
1839 2663 1864 2688 4.
1977 2663 2005 2694 7)
2028 2662 2058 2688 C.
2072 2662 2098 2693 9,

2127 506 2140 526 5

2128 771 2153 791 10

2125 1039 2154 1060 15

2127 1305 2154 1325 20

2125 1570 2154 1590 25

2127 1849 2153 1870 30

2125 2124 2153 2144 35

2126 2446 2152 2466 40

456 2707 546 2731 Codes·
562 2715 697 2732 canonum
721 2707 821 2739 (1609)
844 2708 872 2732 S.
887 2708 952 2735 125‚·
973 2707 1126 2733 Hinschius
1144 2709 1172 2733 S.
1187 2709 1248 2734 QG.
1361 2709 1388 2739 S)
1406 2707 1461 2739 Vql.
1480 2707 1571 2732 Neues
1587 2707 1688 2732 Archiv
1702 2707 1744 2736 44,
1759 2707 1800 2732 59.
1914 2707 1941 2738 9)
1959 2707 2015 2740 qu.
2033 2707 2098 2732 oben
2121 2710 2151 2730 45

456 2752 484 2775 S.
500 2751 551 2776 139
572 2751 602 2776 Z.
618 2752 634 2776 6
659 2751 716 2776 und
741 2751 775 2776 A.
791 2753 815 2776 2.
942 2753 984 2782 10)
1011 2752 1193 2777 Bezm'clmoeml
1216 2753 1262 2784 ju'r
1286 2752 1438 2777 Hinlcmars
1459 2751 1612 2777 Verhdltnis
1635 2759 1667 2776 zu
1690 2751 1739 2776 den
1765 2751 1973 2783 lothrinqischcn
1997 2751 2098 2776 Metro-

456 2795 706 2828 politanbiscleisssem
728 2796 776 2827 ²³9l·
793 2795 884 2820 Noua-s
899 2796 999 2821 Archiv
1015 2796 1057 2823 44,
1073 2797 1116 2821 52².
1133 2796 1161 2821 S.
1178 2797 1244 2822 auch
1262 2796 1325 2822 oben
1343 2796 1391 2821 Nr.
1406 2796 1440 2821 58
1455 2796 1483 2820 S.
1498 2795 1540 2820 33.
