2272 3197
78 764 105 784 10

79 1030 105 1049 15

78 1297 106 1315 20

77 1564 104 1583 26

76 1830 103 1849 30

76 2087 104 2106 35

77 2432 104 2450 40

712 190 898 216 HINKMAR
919 190 996 216 VON
1018 189 1137 216 REIMS
1158 190 1201 215 37.
1743 190 1781 219 19

133 278 213 310 leret
234 278 354 310 dixisse
370 290 448 310 eum
471 279 730 320 praedestinatos
751 279 793 310 ad
816 290 968 320 poenam,
992 283 1031 311 ut
1053 279 1155 310 redire
1176 280 1280 320 gratia
1301 279 1363 311 Dei
1386 290 1442 320 per
1458 280 1699 321 poenitentiam
1716 291 1782 311 non
1807 282 1980 313 849—850.

133 331 261 373 possint
272 331 315 363 ad
326 331 444 369 vitam,
458 342 560 373 quam
574 332 833 373 praedestinatos
846 333 880 363 in
894 332 1034 374 propriis
1049 331 1154 370 malis,
1167 332 1288 374 quibus
1302 343 1406 374 poena
1419 332 1567 369 debetur,
1582 336 1621 364 ut
1634 337 1780 374 pereant‘

139 384 249 422 Quam
266 385 584 417 commentationem
601 385 858 426 tergiversatoris
876 389 999 423 cavete,
1019 389 1052 417 et
1069 385 1128 416 hoc
1147 385 1240 417 vobis
1259 385 1413 424 sufficiat,
1432 385 1521 427 quod
1538 385 1690 417 catholici
1708 386 1781 418 doc-

131 441 219 469 tores
241 442 426 480 exponunt,
449 438 527 479 quia
550 437 645 470 electi
666 438 708 470 ad
731 449 869 479 regnum
891 442 1065 470 aeternum
1087 442 1121 470 et
1144 439 1297 480 praesciti
1320 442 1399 470 sunt
1421 443 1455 470 et
1478 439 1725 480 praedestinati,
1748 444 1782 470 et

132 501 271 531 regnum
286 490 368 522 illisa
387 495 561 523 aeternum
575 495 624 522 est
639 495 672 522 et
686 492 887 533 praescitum
902 496 935 522 et
950 492 1249 533 praedestinatum3
1264 492 1393 534 reprobi
1406 495 1521 523 autem
1536 492 1688 534 praesciti
1703 496 1782 523 sunt

131 547 279 581 tantum,
295 555 361 574 non
376 544 611 585 praedestinati
625 548 658 575 et
672 545 706 575 in
721 544 816 576 malis
829 544 970 586 propriis
984 544 1089 575 futuri
1102 548 1135 575 et
1148 545 1190 576 ad
1204 556 1346 586 poenam
1360 556 1418 587 pro
1433 545 1555 576 eisdem
1570 545 1664 577 malis
1677 546 1780 587 operi—

130 596 192 628 bus
206 597 296 628 ituri.
312 597 420 628 Poena
434 600 549 628 autem
562 598 607 628 eis
621 601 670 628 est
684 598 926 639 praedestinata
941 607 998 638 pro
1015 597 1109 628 malis
1123 597 1255 629 illorum
1269 598 1432 640 operibus,
1447 599 1481 630 in
1495 598 1615 640 quibus
1630 599 1781 640 praesciti

131 654 211 681 sunt
234 653 383 687 tantum,
417 660 483 680 non
511 650 745 691 praedestinati
771 650 1018 692 perseveraturi,
1045 650 1122 690 quia
1149 651 1406 691 praedestinavit
1430 651 1529 685 Deus,
1555 652 1644 692 quod
1669 651 1781 683 divina

130 703 279 744 aequitas
300 703 457 740 redderet,
482 714 548 734 non
569 704 658 744 quod
679 704 851 734 humanab
873 703 1031 743 iniquitas
1052 703 1238 734 admisisset
1246 707 1267 734 ⁰.

220 755 266 787 Et
286 759 325 786 ut
343 756 385 787 ad
404 756 618 788 erudiendam
638 755 887 797 simplicitatem
906 759 1051 787 vestram
1072 766 1138 786 non
1159 755 1333 797 loquamur
1354 757 1508 794 nimium,
1530 758 1556 788 si
1576 761 1712 789 tantum
1732 762 1782 789 est

132 808 361 845 necessarium,
392 809 642 850 interrogandus
671 813 721 840 est
750 808 888 850 quilibet
918 809 1151 850 praescientiae
1181 812 1214 840 et
1245 810 1552 850 praedestinationis
1581 811 1780 852 disputator,

130 862 209 903 quid
233 861 277 892 sit
298 861 351 892 vel
373 873 476 903 quam
499 862 745 903 ethimologiam
768 861 887 893 habeat
911 861 1126 903 praescientia
1149 861 1202 892 vel
1225 862 1492 903 praedestinatio.
1517 862 1594 894 Sine
1617 864 1729 901 dubio,
1754 865 1781 896 si

131 914 208 955 legit
229 918 360 946 sanctos
380 918 530 946 auctores
551 919 585 946 et
604 915 729 956 aliquid
748 915 847 946 habet
869 914 1121 954 intellegentiae,
1142 914 1240 946 debet
1261 916 1469 956 respondere:
1492 916 1710 948 Praescientia
1732 921 1782 948 est

131 968 447 1010 praecognoscentia,
463 968 551 1009 quod
568 972 646 999 ante
662 968 763 999 scitur
776 966 889 1008 quodd
902 967 1033 998 eveniat
1046 967 1099 998 vel
1117 978 1219 1008 quam
1238 967 1297 999 fiat
1314 969 1402 1009 quod
1422 969 1538 1006 scitur;
1558 973 1781 1006 praedestinatio

129 1024 244 1052 autem
259 1028 313 1055 est,
329 1021 414 1052 sicut
430 1025 564 1053 sanetus
571 1021 779 1062 Augustinus
793 1021 901 1057 dicit1‚
914 1021 1155 1063 praeordinatio
1171 1021 1224 1052 vel
1239 1025 1347 1058 gratiae
1363 1026 1554 1058 praeparatio,
1570 1022 1602 1053 id
1618 1026 1679 1061 est,
1696 1023 1782 1055 sicut

129 1073 299 1116 apostolus
316 1074 411 1105 dicit:
428 1074 559 1106 Electos
577 1074 834 1116 praedestinavit
850 1074 939 1105 Deus
956 1074 997 1105 ad
1015 1073 1174 1114 gloriam⁰
1191 1078 1225 1105 et
1244 1075 1452 1116 praeparavit
1470 1074 1553 1112 illos,
1572 1075 1605 1106 id
1623 1080 1673 1106 est
1692 1087 1780 1117 prae·
1798 1087 1994 1111 Vg1.1.cor.2‚7.

129 1127 304 1165 ordinavit,
321 1127 356 1158 in
377 1127 450 1164 fide,
466 1128 501 1158 in
521 1127 616 1159 bonis
636 1126 801 1168 operibus,
825 1130 863 1158 ut
885 1138 941 1168 per
962 1126 1018 1158 illa
1038 1127 1081 1158 ad
1100 1127 1242 1168 gratiam
1264 1128 1539 1159 remunerationis
1561 1129 1780 1169 pervenirent,

129 1180 216 1212 sicut
232 1181 395 1222 scriptum
411 1184 476 1212 est:
492 1180 502 1192 ⁴¹
513 1181 603 1218 Quae
621 1180 832 1221 praeparavit
846 1180 959 1217 Deus’,
977 1180 1100 1211 scilicet
1115 1179 1201 1212 bona
1219 1191 1328 1222 opera,
1345 1180 1398 1211 ‘ut
1416 1181 1450 1212 in
1468 1180 1531 1212 illis
1547 1180 1780 1214 ambulemus'.
1798 1193 1856 1216 ami.
1867 1194 1888 1217 2,
1901 1194 1935 1213 ιο.

132 1234 221 1265 Haec
245 1237 296 1265 est
318 1233 584 1275 praedestinatio.
610 1233 690 1264 Post
714 1233 1049 1275 praedestinationem
1072 1237 1187 1265 autem
1211 1238 1245 1265 et
1270 1234 1591 1275 praeordinationem
1614 1234 1667 1266 vel
1691 1246 1781 1276 prae-

130 1287 336 1328 parationem
352 1287 423 1324 Dei,
440 1297 525 1327 quae
543 1289 592 1317 est
610 1287 791 1318 secundum
811 1286 1020 1328 propositum
1037 1286 1142 1318 bonae
1158 1287 1343 1319 voluntatis
1361 1298 1449 1324 suae,
1470 1287 1551 1318 nihil
1567 1287 1657 1319 aliud
1676 1289 1781 1329 sequi·
1798 1300 1846 1323 val.
1859 1300 1918 1324 Eph.
1932 1301 1980 1321 ιτ).

128 1344 195 1377 tur,
218 1340 280 1371 nisi
300 1339 586 1377 praedestinationis²
606 1343 735 1373 effeetus,
756 1340 788 1371 id
810 1344 859 1370 est.
879 1343 981 1376 gratia,
1001 1350 1086 1381 quae
1106 1344 1156 1371 est
1176 1344 1239 1377 ipsa
1257 1341 1346 1372 Vitae
1367 1344 1494 1370 donatio.
1515 1341 1602 1372 Nam
1623 1342 1781 1373 recordari

129 1393 277 1434 potestis,
291 1392 379 1434 quia,
393 1393 479 1424 sicut
492 1393 641 1434 superius
654 1392 770 1424 beatus
782 1393 869 1424 dixit
884 1393 1097 1425 Hieronimus
1106 1393 1129 1427 ³,
1145 1394 1323 1434 prudentes
1335 1394 1418 1425 hanc
1431 1394 1653 1425 differentiam
1665 1395 1782 1426 dicunt

128 1446 214 1478 inter
237 1446 570 1488 praedestinationem
593 1450 626 1477 et
649 1446 868 1487 propositum,
892 1446 969 1487 quia
994 1447 1247 1488 praedestinatio
1272 1447 1437 1489 praecedit
1460 1447 1679 1489 propositum,
1709 1459 1781 1490 pro—

129 1499 277 1541 positum
297 1502 412 1530 autem
434 1499 501 1530 iam
523 1499 557 1530 in
579 1499 750 1530 vicinitate
772 1503 821 1530 est
843 1498 979 1530 effectus
1001 1500 1047 1530 rei
1069 1500 1331 1541 praedestinatae
1352 1504 1452 1541 atque
1475 1501 1673 1542 propositae,
1697 1501 1782 1533 sicut

127 1556 162 1584 et
183 1552 366 1593 intellegere
388 1563 430 1583 ex
450 1552 547 1584 dictis
567 1552 655 1583 beati
677 1551 817 1593 apostoli
840 1563 1028 1594 possumus,
1050 1564 1128 1585 cum
1149 1553 1245 1585 dicit:
1266 1553 1351 1591 ‘Qui
1374 1554 1654 1595 praedestinavit',
1678 1554 1710 1585 id
1731 1559 1781 1586 est
1796 1567 1993 1592 v21.Eph.1‚s.4.

128 1605 312 1647 praeelegit,
334 1605 408 1637 ‘nos
429 1609 507 1637 ante
531 1605 646 1637 mundi
668 1606 967 1643 constitutionem’,
990 1610 1024 1637 et
1044 1606 1138 1638 alibi:
1161 1606 1272 1644 ‘Quae
1295 1607 1527 1648 praeparavit',
1551 1607 1673 1638 scilicet
1695 1607 1780 1639 bona
1795 1621 1932 1645 Eph.2,10.

127 1669 237 1700 opera,
253 1658 306 1690 ‘ut
322 1659 357 1689 in
374 1658 438 1690 illis
454 1658 674 1690 ambulemus’
691 1659 888 1690 ‘secundum
906 1659 1115 1701 propositum
1131 1659 1316 1691 voluntatis
1333 1661 1434 1692 suae’.
1459 1660 1553 1698 Quod
1572 1661 1782 1702 propositum
1796 1674 1855 1698 nnn.
1870 1676 1889 1698 1,
1901 1675 1921 1694 5.

127 1712 230 1752 gratia
244 1712 392 1753 sequitur
405 1711 630 1743 retributionis
643 1723 701 1754 pro
714 1712 818 1753 gratia
831 1712 935 1744 bonae
948 1713 1159 1755 operationis,
1170 1717 1203 1744 et
1215 1713 1275 1744 hoc
1288 1717 1338 1744 est
1351 1717 1619 1751 praedestinationis
1628 1713 1640 1732 ‘²
1653 1717 1781 1749 effectus,

127 1765 160 1797 id
175 1769 236 1803 est,
255 1769 292 1796 ut
306 1765 464 1802 diximus,
481 1769 543 1802 ipsa
557 1765 645 1796 vitae
660 1768 788 1795 donatio.
804 1766 991 1797 Redeamus
1006 1777 1079 1808 ergo
1095 1766 1137 1797 ad
1154 1765 1260 1803 illum,
1276 1767 1334 1807 qui
1349 1767 1430 1798 dicit
1446 1767 1781 1808 praedestinationem

127 1828 194 1850 esse
216 1818 429 1860 reproborum
450 1819 492 1850 ad
515 1822 667 1855 mortem,
690 1822 724 1849 et
744 1819 927 1856 videamus,
950 1819 977 1850 si
1000 1830 1176 1860 possumus
1197 1820 1317 1851 dicere:
1340 1820 1595 1862 praedestinatio
1618 1823 1668 1851 est
1691 1831 1779 1862 prae-

126 1871 288 1903 ordinatio
303 1871 357 1902 vel
374 1872 439 1903 irae
456 1872 674 1914 praeparatio,
692 1872 767 1903 Non
788 1872 871 1904 iram
885 1872 945 1903 Dei
959 1872 1144 1904 vindictam
1164 1873 1197 1903 in
1213 1873 1384 1914 scripturis
1404 1873 1527 1905 sanctis
1547 1873 1779 1914 intellegimus,

126 1924 205 1966 quia
226 1924 260 1956 in
281 1924 506 1966 inpassibilem
526 1924 630 1967 ipsius
652 1928 808 1957 naturam
829 1925 1029 1967 passibilitas
1050 1936 1115 1957 non
1138 1929 1247 1968 potest
1267 1926 1391 1958 cadere.
1413 1926 1585 1968 Scriptum
1605 1931 1655 1958 est
1675 1927 1780 1959 enim:

126 1977 194 2009 ‘Ira
210 1977 245 2009 in
261 1978 485 2019 indignatione
503 1978 595 2015 eius'‚
613 1978 646 2009 id
662 1982 712 2009 est
727 1978 886 2016 vindicta,
904 1979 990 2010 sicut
1004 1979 1051 2010 ‘et
1067 1979 1136 2010 vita
1154 1980 1188 2010 in
1204 1979 1378 2011 voluntate
1394 1980 1488 2017 eius',
1505 1980 1538 2011 id
1555 1983 1605 2011 est
1619 1980 1709 2011 vitae
1725 1981 1780 2011 do·
1796 1995 1830 2015 ps.
1843 1996 1877 2019 29,
1890 1997 1910 2015 6,

129 2031 218 2062 natio
236 2031 271 2062 in
290 2031 507 2063 misericordia
524 2031 647 2072 gratiae
664 2031 745 2063 eius.
764 2032 1055 2073 Praeparationem
1073 2043 1216 2074 namque
1234 2033 1310 2070 irae,
1329 2033 1361 2064 id
1378 2037 1428 2064 est
1446 2033 1780 2074 praedestinationem

126 2084 168 2116 ad
188 2088 339 2121 mortem,
361 2083 442 2115 nihil
460 2084 550 2116 aliud
570 2084 724 2126 subsequi
745 2089 855 2126 potest
875 2085 937 2116 nisi
956 2085 1061 2127 ipsius
1081 2086 1390 2127 praedestinationis
1408 2087 1451 2118 ad
1472 2090 1613 2118 mortem
1632 2086 1780 2124 effectus,

128 2137 160 2168 id
174 2141 223 2168 est
236 2137 339 2179 ipsius
353 2137 419 2169 irae
431 2137 577 2175 donatio,
593 2138 625 2168 id
639 2141 689 2168 est
702 2138 786 2179 ignis
799 2142 963 2176 aeternus,
979 2138 1065 2170 sicut
1077 2139 1166 2170 vitae
1180 2139 1314 2170 donatio
1328 2150 1468 2180 regnum
1481 2139 1683 2181 intellegitur
1697 2151 1781 2171 sem·

128 2190 308 2231 piternum.
330 2191 376 2222 Ac
401 2201 457 2232 per
479 2191 538 2222 hoc
563 2201 690 2222 necesse
713 2191 785 2228 erit,
811 2195 849 2222 ut
873 2191 1157 2233 praedestinatum
1178 2192 1221 2224 ad
1246 2197 1387 2224 mortem
1408 2197 1580 2224 aeternam
1603 2204 1779 2234 praepara-

211 2299 235 2327 Β)
253 2297 320 2321 illius
343 2298 374 2321 Β.
469 2296 492 2327 b)
512 2299 618 2321 humani
643 2299 673 2322 B.
766 2301 789 2327 0)
808 2299 968 2322 admississet
1000 2299 1030 2322 B.
1117 2298 1141 2327 ¹¹)
1161 2300 1223 2330 quid
1254 2300 1315 2326 verb.
1334 2300 1426 2324 Gnndl.
1514 2302 1536 2327 ¹³)
1555 2301 1671 2329 glariain.
1702 2309 1713 2323 r
1735 2309 1778 2323 αι’·

127 2341 259 2365 schez‘nend
280 2342 342 2366 verb.
364 2350 411 2365 aus
433 2351 458 2368 <¹2
477 2342 574 2366 (lauach
596 2343 679 2366 Ruunt.
698 2343 740 2372 fiir
758 2346 818 2366 elwa
838 2344 853 2367 5
876 2343 976 2366 Buclzst.
996 2343 1043 2373 [rei
1066 2344 1096 2367 B.

220 2429 244 2460 l)
264 2429 323 2454 Lib.
347 2429 378 2454 de
391 2429 636 2462 waedeetiwzatione
652 2433 805 2455 sanctorum
826 2430 862 2459 X,
876 2430 918 2457 19.
938 2430 1033 2463 Miyne
1052 2431 1095 2461 44,
1107 2431 1168 2456 974.
1270 2432 1297 2463 2)
1318 2432 1347 2457 S.
1364 2431 1427 2457 oben
1445 2432 1474 2457 S.
1488 2432 1523 2457 17
1537 2432 1567 2457 Z.
1582 2432 1616 2458 30
1635 2432 1689 2457 mul
1705 2432 1738 2457 A.
1753 2434 1777 2456 ὑί

130 2471 156 2502 3)
174 2472 229 2504 qu.
245 2473 398 2505 Zeitschrist
412 2473 458 2506 fi1'r
474 2474 740 2506 Kirchenqesclzichte
753 2474 790 2503 X,
810 2474 862 2499 273
881 2474 939 2500 und
957 2475 992 2500 A.
1005 2476 1030 2500 3.
1052 2490 1087 2493 —
1106 2475 1139 2500 D.
1159 2475 1287 2501 Ger'main
1308 2476 1403 2501 Morin¹
1422 2476 1491 2501 hatte
1510 2475 1553 2501 die
1572 2485 1623 2501 von
1640 2476 1779 2501 Hirti-onm-

130 2516 278 2542 wiederholt
295 2517 503 2551 heranqezoqene
522 2518 902 2551 pseudo-hieronymicmischa
918 2519 1020 2551 Schrijt
1045 2519 1097 2545 ‘De
1121 2519 1295 2545 induratione
1318 2520 1406 2545 cordis
1431 2520 1596 2546 Pharaovzis’
1622 2520 1777 2552 wiederaus-

130 2559 261 2592 qejunden
278 2561 335 2587 und
351 2562 408 2587 ihre
421 2562 442 2588 V
444 2563 665 2596 eriiffentlichztsnq
679 2563 709 2588 in
724 2563 836 2596 A'nyriff
849 2572 1005 2595 ye'nommen
1023 2564 1088 2597 (vyl.
1107 2564 1195 2589 Reme
1212 2564 1312 2590 Βέηέά.
1328 2564 1363 2589 24
1381 2564 1484 2597 (1907)
1501 2565 1529 2590 18⁴
1543 2565 1606 2594 267,·
1621 2565 1656 2590 26
1673 2564 1775 2597 (1909)

131 2603 159 2628 S.
173 2604 272 2637 163ff.;
286 2605 318 2630 41
337 2605 438 2639 (1929)
455 2606 484 2632 S.
499 2607 541 2637 70;
563 2607 701 2632 Aneczlota
718 2607 914 2633 stlaredsolana
930 2608 955 2633 2.
968 2608 1044 2633 Serie
1056 2608 1073 2634 I
1092 2608 1194 2641 (1913)
1213 2608 1242 2634 S.
1256 2609 1317 2641 24).
1335 2609 1437 2634 Jedoch
1454 2609 1497 2642 fiel
1520 2624 1555 2627 -—
1578 2609 1627 2634 wie
1651 2617 1678 2634 er
1700 2608 1777 2633 selbst

99 2658 105 2670 ›
132 2655 182 2672 uns
198 2648 400 2682 liebenswurdiq
416 2651 521 2676 mitteilt
538 2666 573 2669 —-
589 2651 634 2676 cler
649 2651 695 2683 fiir
710 2651 761 2676 den
777 2652 793 2676 I
796 2651 812 2677 I
816 2672 820 2676 .
836 2652 917 2677 Band
939 2652 1028 2677 seiner
1043 2646 1164 2678 ‘Etudes'
1188 2653 1219 2678 in
1242 2652 1293 2678 den
1310 2653 1448 2678 Auecclota
1464 2653 1662 2678 Maredsolcma
1684 2652 1777 2677 berei&

130 2692 289 2724 qrossenteils
303 2693 493 2726 fertiqyestellte
509 2695 602 2721 Druck
618 2696 689 2720 1914
702 2695 761 2721 dem
773 2695 877 2729 Grossen
892 2696 990 2729 Krieye
1004 2705 1066 2722 zum
1074 2696 1165 2730 Opler,
1188 2697 1245 2722 und
1265 2697 1325 2722 eine
1345 2697 1511 2730 noclzsmaliqe
1532 2697 1722 2729 Druckleqzcny
1744 2696 1777 2721 isc

131 2735 312 2762 anscheinend
325 2738 454 2771 vorldufiq
466 2739 635 2772 aufyeyeben.
651 2740 729 2765 Ναί-ἢ.
746 2740 842 2765 ΛΙοΊ-ίη
860 2741 893 2765 ist
908 2740 958 2766 das
971 2741 1048 2766 Werk
1063 2750 1111 2766 um
1126 2741 1178 2766 415
1199 2750 1247 2766 von
1272 2741 1487 2774 pelaqian‘ischer
1502 2741 1582 2771 Seite,
1606 2750 1679 2766 wemz
1704 2740 1775 2765 nidd

133 2788 181 2804 ron
199 2780 327 2813 Pelagius
342 2781 419 2807 selbst
433 2782 565 2815 abqejasst.
660 2785 687 2815 4)
708 2784 737 2808 S.
755 2784 821 2809 oben
836 2784 867 2809 Z.
881 2784 925 2810 21.

1530 2838 1562 2862 3*
