2220 3192
50 768 77 787 10

48 1034 76 1053 15

50 1299 78 1318 20

48 1564 76 1584 26

47 1830 75 1850 80

48 2095 74 2115 35

48 2568 75 2586 40

627 194 814 220 HINKMAR
834 195 913 221 VON
933 195 1053 221 REIMS
1075 196 1225 222 126—127.
1708 196 1748 226 65

104 286 318 323 tumcumque
341 282 489 315 divinum
512 284 679 321 iudicium,
704 284 780 325 quia
804 284 903 316 etiam
926 285 960 315 in
983 296 1048 316 non
1071 284 1196 316 levibus
1219 286 1324 317 causis
1348 286 1388 317 de
1410 286 1592 327 ignorantia
1616 287 1746 328 vapula-

104 335 221 372 vimus,
242 335 269 366 si
287 335 342 367 illa
360 336 525 377 ignoretis,
552 337 594 368 ad
614 348 711 378 quem
730 337 872 379 pertinet
898 338 985 379 quod
1004 349 1023 369 a
1044 338 1183 370 subditis
1202 338 1318 370 vestris
1336 339 1370 370 in
1389 339 1529 380 generali
1547 350 1644 371 causa
1663 351 1747 372 com—

104 388 258 426 mittitur,
277 399 343 420 non
360 389 497 431 potestis
515 389 670 431 effugere;
688 393 721 421 et
738 390 840 421 sciens
859 398 961 432 quaest
978 391 1070 422 vobis
1088 391 1166 423 utile
1184 395 1233 423 est
1250 392 1291 423 ad
1309 392 1485 430 sciendum,
1504 392 1530 424 si
1547 393 1589 424 ad
1607 397 1749 425 vestram

104 441 259 473 notitiam
280 452 345 472 non
368 442 540 484 pertulero,
564 442 743 484 periculum
765 443 832 475 sine
855 443 1059 476 dubitatione
1081 445 1218 476 incurro.
1242 445 1290 476 De
1312 445 1361 476 his
1382 445 1497 482 tribus,
1521 456 1604 487 quae
1626 447 1747 480 audivi,

104 494 169 525 duo
193 494 320 525 credere
343 494 442 532 nolui,
466 496 602 527 tertium
624 496 704 527 satis
726 496 850 528 invitus
871 497 1003 529 credidi.

186 547 334 584 Quorum
351 548 492 589 primum
511 552 571 586 est,
591 550 668 590 quia
686 560 742 591 per
760 549 974 591 plurimorum
992 561 1047 581 ora
1066 550 1219 591 vulgatur
1237 562 1296 582 vos
1314 551 1428 589 dicere,
1448 552 1603 593 quoniam
1621 553 1661 584 de
1678 553 1748 584 istis

104 600 226 641 rapinis
246 603 346 641 atque
366 601 675 643 depraedationibus
695 602 794 634 nichil
813 613 871 633 vos
891 603 1037 634 debeatis
1057 603 1241 635 misculare:
1263 605 1484 646 unusquisque
1504 616 1562 636 sua
1582 606 1746 643 defendat,

104 655 142 683 ut
166 655 286 694 potest.
313 654 407 690 Quod
432 654 507 685 licet
530 655 737 688 mendacium
761 666 828 687 esse
852 656 1068 696 cognoverim,
1094 655 1182 687 nolui
1206 657 1299 688 vobis
1323 657 1529 695 abscondere,
1556 662 1594 689 ut
1617 659 1747 691 demon-

106 705 214 736 stretis
237 716 342 747 opere,
366 707 453 747 quod
477 707 595 739 falsum
617 712 677 746 est,
701 709 788 750 quod
810 711 869 740 aut
890 708 1035 740 malivoli
1057 712 1115 740 aut
1137 709 1282 740 dolentes
1304 710 1477 742 diffamant
1499 722 1636 749 rumore,
1660 712 1745 753 quia,

103 769 178 790 cum
197 759 279 799 regis
299 759 515 791 ministerium
530 761 572 792 sit
592 772 624 792 se
644 765 678 792 et
697 772 781 799 suos,
797 761 853 802 qui
868 760 949 792 116116
965 766 1078 802 agunt,
1094 762 1126 792 in
1146 762 1261 793 melius
1281 773 1404 804 semper
1425 764 1558 804 dirigere
1578 768 1611 795 et
1630 775 1747 806 pravos

103 822 122 842 a
142 810 238 843 malis
257 812 424 853 corrigere,
445 813 583 855 impium
604 818 653 845 est
673 814 713 845 de
734 825 830 855 regno
852 813 913 845 sibi
932 814 1077 845 subiecto
1099 815 1184 846 dona
1205 819 1238 846 et
1259 816 1391 847 servitia
1411 827 1430 847 a
1451 816 1603 848 subiectis
1623 818 1746 859 exigere

103 868 137 895 et
158 864 213 902 eiS,
238 868 276 895 ut
298 875 381 906 quae
404 865 565 897 debentur
587 871 620 898 et
642 868 816 908 exiguntur
838 867 992 904 habeant,
1016 868 1102 898 unde
1124 868 1256 899 reddere
1279 869 1412 910 possint,
1437 880 1501 900 non
1524 871 1691 911 providere
1714 875 1747 902 et

103 928 150 955 ea,
175 928 258 958 quae
282 918 327 949 illi
350 918 491 960 placent,
516 919 624 951 iubere
647 924 746 961 atque
770 920 938 962 disponere
962 924 1005 957 et,
1030 931 1113 961 quae
1137 920 1206 951 Deo
1230 921 1411 963 displicent,
1436 933 1501 953 non
1525 923 1691 964 prohibere
1714 928 1747 955 et

103 981 263 1003 amovere.
290 972 384 1009 Quod
408 972 479 1003 ideo
504 984 670 1014 suggerere
694 976 820 1004 vestrae
844 973 1059 1005 dominationi
1082 984 1263 1015 praesumo,
1289 975 1364 1015 quia
1388 986 1484 1015 regno
1513 976 1615 1016 patris
1637 980 1671 1008 et
1693 977 1748 1009 avi

101 1024 202 1055 vestri
223 1024 257 1055 in
279 1024 392 1056 multis
414 1025 519 1057 diviso
541 1026 695 1068 capitalia
716 1025 786 1057 loca
809 1026 848 1057 de
870 1037 967 1067 regno
990 1030 1100 1058 vestro
1122 1026 1227 1058 multa
1250 1028 1391 1068 perdunt
1412 1031 1446 1058 et
1467 1027 1560 1059 vobis
1582 1040 1639 1070 pro
1661 1031 1746 1071 regio

102 1077 234 1115 honore,
257 1079 314 1119 qui
334 1089 393 1109 vos
414 1079 580 1116 condecet,
602 1090 729 1111 necesse
750 1083 809 1116 est,
832 1083 869 1110 ut
890 1079 989 1110 nichil
1008 1080 1222 1111 imminuatur
1243 1080 1282 1111 de
1303 1080 1363 1118 his,
1385 1091 1469 1121 quae
1490 1083 1747 1123 praedecessores

102 1130 202 1162 vestri
221 1142 262 1162 ex
281 1132 402 1163 eisdem
421 1131 498 1163 10615
518 1131 666 1163 solebant
684 1132 812 1169 habere,
833 1136 867 1163 et
887 1132 1006 1174 pagani
1025 1143 1062 1164 ac
1082 1132 1154 1164 falsi
1173 1133 1347 1165 Christiani
1366 1134 1544 1166 maximam
1563 1139 1689 1176 partem
1708 1136 1745 1167 de

102 1187 194 1225 parte
212 1185 302 1225 regni
321 1185 420 1216 vestri
439 1185 649 1226 absumptam
668 1189 836 1227 usurpant.
857 1186 901 1217 Et
919 1186 945 1216 si
964 1185 1179 1226 portiuncula,
1199 1186 1233 1217 in
1252 1197 1316 1227 qua
1335 1187 1435 1218 vestri
1453 1187 1561 1219 fideles
1580 1188 1746 1221 vobiscum

102 1237 215 1278 degere
239 1237 370 1275 debent,
394 1238 440 1269 ita
463 1238 661 1270 adnichilata
684 1239 849 1280 perfuerit,
874 1250 931 1270 1166
954 1249 1013 1269 vos
1035 1250 1093 1270 nec
1116 1238 1161 1270 illi
1183 1239 1304 1271 ibidem
1326 1240 1475 1281 poteritis
1497 1242 1684 1273 conducere.

184 1289 332 1322 Alterum
354 1295 413 1328 est,
444 1292 520 1332 quia
543 1292 667 1323 dictum
690 1295 740 1323 est
762 1292 868 1329 michi,
885 1292 1038 1333 quoniam
1061 1291 1262 1329 clamatores,
1287 1293 1343 1334 qui
1365 1294 1407 1324 ad
1422 1293 1580 1335 palatium
1603 1298 1746 1327 vestrum

102 1343 248 1381 veniunt,
270 1344 393 1375 nullam
412 1345 666 1376 consolationem
685 1356 742 1375 nec
762 1345 861 1376 etiam
880 1345 1004 1376 bonum
1023 1356 1214 1387 responsum
1231 1345 1277 1377 ibi
1295 1346 1466 1387 accipiant.
1489 1348 1582 1384 Quod
1602 1347 1747 1379 similiter

101 1396 228 1428 credere
251 1397 350 1435 nolui,
375 1398 477 1429 sciens
500 1409 558 1428 vos
579 1398 674 1429 corde
697 1398 833 1429 retinere
857 1399 945 1439 quod
968 1398 1128 1430 Dominus
1150 1399 1244 1430 dicit:
1265 1398 1343 1436 ‘Qui
1365 1400 1499 1431 obturat
1520 1412 1632 1432 aurem
1654 1412 1745 1433 suam

101 1449 143 1481 ad
165 1449 340 1482 clamorem
363 1451 524 1492 pauperis,
549 1455 582 1482 et
603 1451 671 1492 ipse
693 1450 850 1482 clamabit
872 1455 906 1482 et
928 1462 993 1482 non
1017 1452 1230 1483 exaudietur?
1256 1452 1300 1483 Et
1322 1454 1452 1493 quando
1477 1454 1661 1485 huiusmodi
1683 1454 1744 1486 cla-

102 1506 230 1534 mantes
259 1514 325 1534 non
354 1504 579 1541 exaudientur,
609 1505 813 1536 demonstrat
841 1504 1045 1545 evangelium
1074 1505 1198 1536 dicens:
1226 1505 1379 1537 ‘Venient
1407 1506 1566 1538 dicentes:
1596 1507 1743 1544 Domine,

102 1556 250 1593 Domine,
270 1558 358 1598 aperi
377 1557 485 1595 nobis;
503 1561 537 1588 et
555 1557 606 1588 ille
624 1558 820 1599 respondens
837 1557 938 1589 dicet:
958 1558 1061 1589 Amen
1080 1558 1151 1589 dico
1170 1558 1272 1596 vobis,
1292 1559 1397 1590 nescio
1416 1560 1496 1591 vos?
1515 1560 1643 1591 Nescire
1661 1561 1746 1592 enim

102 1609 171 1647 Dei,
194 1619 291 1650 quem
312 1610 409 1641 nichil
429 1610 521 1649 latet,
544 1610 713 1652 reprobare
734 1614 794 1648 est,
816 1611 892 1652 quia
912 1611 957 1642 ibi
978 1611 1043 1642 iam
1064 1622 1083 1642 a
1104 1612 1172 1643 Deo
1194 1623 1259 1642 non
1280 1615 1389 1653 potest
1410 1613 1523 1644 mereri
1544 1614 1631 1654 quod
1652 1614 1744 1654 petit,

101 1662 156 1703 qui
179 1662 230 1694 hic
254 1663 359 1694 noluit
382 1664 493 1695 audire
517 1664 604 1705 quod
627 1664 730 1701 iussit,
755 1668 788 1694 et
812 1665 867 1705 qui
890 1668 1020 1705 tempus
1040 1675 1199 1705 congruae
1219 1665 1437 1706 poenitentiae
1457 1666 1607 1707 perdidit,
1628 1666 1745 1698 frustra

101 1719 177 1746 ante
199 1717 288 1756 regni
310 1717 443 1749 ianuam
464 1728 539 1749 cum
562 1716 711 1758 precibus
732 1717 834 1749 venit.

183 1768 330 1801 Tertium
352 1774 410 1807 est,
434 1771 521 1811 quod
543 1771 621 1802 satis
642 1770 765 1801 invitus
786 1771 916 1807 credidi,
940 1771 1018 1812 quia
1040 1774 1116 1812 post
1137 1775 1289 1813 percepta
1312 1772 1430 1809 omnia,
1454 1783 1537 1813 quae
1558 1773 1599 1804 ad
1622 1773 1746 1804 victum

101 1825 134 1852 et
157 1825 274 1863 potum
298 1823 475 1854 necessaria
501 1827 586 1861 sunt,
613 1824 652 1854 de
677 1823 816 1855 ecclesiis
840 1828 987 1865 raptores
1018 1828 1077 1855 aut
1102 1825 1357 1866 redemptionem
1381 1825 1516 1865 exigunt
1539 1830 1598 1856 aut
1622 1837 1675 1857 eas
1699 1826 1744 1857 in-

100 1875 256 1915 fringunt.
282 1876 376 1908 Unde
399 1887 474 1908 cum
497 1877 619 1917 gemitu
643 1877 734 1918 gravi
753 1877 835 1914 dico,
857 1877 935 1918 quid
959 1878 998 1908 de
1022 1877 1143 1909 talibus
1167 1878 1288 1919 poterit
1311 1889 1378 1909 esse
1402 1878 1601 1910 Christiania
1626 1878 1745 1910 Paulus

100 1928 186 1959 enim
209 1929 252 1960 ad
276 1930 500 1962 testimonium
524 1930 665 1967 deducit,
692 1941 775 1971 quae
799 1930 884 1961 inter
908 1930 1097 1971 gravissima
1122 1934 1255 1972 peccata
1280 1931 1429 1971 graviora
1453 1931 1596 1973 putavit,
1622 1932 1744 1963 dicens:

98 1980 177 2018 ‘Qui
202 1981 398 2014 abominaris
422 1982 519 2020 idola,
545 1983 746 2024 sacrilegium
772 1983 871 2015 facis.²
899 1984 943 2015 Et
968 1984 1022 2015 isti
1047 1995 1122 2015 cum
1147 1984 1297 2015 omnibus
1322 1984 1392 2015 aliis
1417 1985 1626 2016 accumulant
1651 1985 1744 2016 sacri—

98 2034 219 2075 legium
240 2039 273 2066 et
293 2047 358 2067 non
378 2036 609 2068 abominantur
629 2036 726 2074 idola,
748 2037 824 2077 quia
845 2041 879 2068 et
898 2037 985 2068 idem
1006 2040 1138 2068 sanctus
1158 2037 1278 2068 Paulus
1299 2038 1393 2069 dicit:
1412 2037 1471 2069 ‘Et
1491 2038 1640 2075 avaritia,
1662 2049 1744 2078 quae

100 2092 149 2119 est
171 2087 331 2120 idolorum
354 2089 515 2121 servitus?

182 2142 270 2173 Deus
293 2143 499 2184 omnipotens
522 2143 701 2174 secundum
723 2143 863 2175 eundem
885 2142 1070 2184 apostolum
1092 2144 1148 2174 det
1171 2143 1263 2174 vobis
1284 2143 1330 2174 ‘et
1354 2143 1434 2175 velle
1457 2148 1491 2175 et
1514 2144 1662 2185 perficere
1686 2155 1743 2185 pro

99 2193 184 2225 bona
207 2194 400 2233 voluntate’,
425 2197 510 2237 quod
536 2196 628 2227 vobis
651 2200 684 2227 et
706 2196 799 2227 nobis
821 2207 859 2227 ac
882 2207 978 2237 regno
1002 2196 1095 2227 vobis
1117 2197 1288 2228 commisso
1310 2200 1361 2227 est
1383 2208 1474 2238 011115.

890 2384 957 2412 127.

181 2443 338 2474 Hinkmm·
367 2449 460 2474 warni
485 2443 534 2474 (lie
551 2444 732 2475 Geistlichen
759 2443 811 2473 <les
831 2443 936 2482 Hoses,
963 2455 1018 2474 υοη
1046 2444 1134 2474 ihren
1154 2445 1269 2475 Leucon
1294 2444 1397 2485 qev'tbtr*
1423 2444 1531 2475 Unbill
1549 2444 1613 2475 und
1631 2444 1743 2475 Gawalt

99 2504 136 2524 zu
158 2494 281 2526 dulden.
1449 2497 1587 2528 Februm·
1609 2497 1678 2528 859.

188 2566 250 2591 H8.:
268 2567 350 2593 Paris
366 2568 411 2593 lat.
425 2567 517 2593 13764
536 2568 578 2593 Βί.
595 2568 728 2597 77²«80¹‚
745 2568 769 2592 Ω.
783 2567 830 2592 le.
851 2567 921 2599 (B),
938 2566 1027 2592 kollat.
1047 2567 1140 2592 Laehr.

188 2620 303 2645 Drucke:
324 2620 461 2651 Sirmond,
485 2621 594 2646 Hincm,
615 2629 696 2653 opera
708 2620 751 2650 II,
776 2620 825 2645 140*
850 2620 915 2652 (aas
938 2620 990 2652 13).-
1010 2620 1120 2645 Gousset
1132 2620 1156 2650 I,
1179 2621 1241 2650 26&
1264 2621 1360 2653 Miqne
1372 2620 1434 2649 126,
1457 2620 1501 2645 99.

189 2673 300 2698 Schriirs
322 2673 384 2706 Req.
398 2674 458 2699 131.

182 2783 206 2809 ιι>
224 2781 258 2804 So
279 2782 309 2804 Β.

187 2837 353 2862 EPrs‘rOLAE
366 2838 449 2864 VIII.
1512 2838 1527 2862 9

1773 276 1847 306 859.

1765 318 1813 342 Vgi.
1829 318 1898 339 Rom.
1907 319 1929 343 π,
1938 319 1960 339 ³.

1762 1409 1827 1430 Prov.
1841 1411 1877 1434 21,
1889 1411 1922 1430 13.

1760 1516 1956 1540 ΜΒῧὼ-25,11.12.

1760 1994 1827 2014 Rom.
1838 1994 1859 2019 Ξ,
1870 1995 1905 2014 211.

1760 2046 1809 2071 Vgl.
1820 2047 1879 2072 Eph.
1891 2048 1914 2071 ὃ,
1923 2049 1942 2067 5.

1761 2153 1817 2174 Phil.
1830 2154 1849 2177 ¹2,
1862 2155 1896 2173 13.
