2220 3192
328 317 399 345 867.

241 1580 311 1602 Eruli.
322 1581 357 1605 32,
369 1581 403 1602 26.

296 1607 339 1628 Ier.
350 1608 371 1632 9,
383 1609 404 1629 4.

272 1660 340 1682 Mich.
353 1661 373 1685 7,
385 1662 405 1683 6.

428 223 489 251 224
1003 220 1190 247 HINKMAR
1210 221 1286 247 VON
1308 221 1427 247 REIMs
1447 222 1507 247 200.

426 316 574 349 autumo,
599 322 663 341 non
685 310 859 341 discordari
882 309 1051 341 intellectu
1073 310 1292 348 invenientur,
1314 321 1519 351 quamquam
1550 310 1663 341 mitius
1684 310 1848 350 quaedam
1877 310 2065 351 scripserint

424 366 481 407 qui
499 365 596 406 gestis
615 374 680 394 non
699 363 922 394 interfuerunt
939 373 1042 404 quam
1060 362 1117 400 illi,
1137 363 1193 404 qui
1211 374 1259 400 ea,
1278 374 1362 404 quae
1381 366 1559 404 gesserunt,
1580 362 1688 403 Sergio
1708 363 1830 404 papae1
1851 363 2013 394 mittenda
2031 368 2065 394 et

425 418 524 449 Leoni
548 417 644 448 missa
666 416 877 457 scripserunt.

513 470 556 500 Et
576 470 614 500 de
635 469 843 500 restitutione
863 468 1007 500 Ebonis2
1029 479 1084 510 per
1104 469 1250 500 edictum
1267 469 1431 500 Hlotharii
1451 468 1679 510 imperatoris³
1701 468 1735 499 in
1756 469 1886 510 scriptis
1906 469 1972 500 suis
1994 469 2063 500 ideo

424 534 488 554 non
503 523 672 560 miserunt,
684 522 842 564 quoniam
854 522 916 563 ipsi
928 522 1082 563 episcopi,
1094 533 1236 564 quorum
1247 522 1367 554 ibidem
1376 522 1390 541 ¹¹
1403 522 1536 553 nomina
1548 521 1616 552 sine
1628 520 1759 553 illorum
1771 521 2065 563 subscriptionibus

423 580 501 607 sunt
518 577 688 614 adnotata,
706 576 811 607 eidem
829 575 1061 617 qualicumque
1080 575 1280 607 restitutioni
1299 587 1330 606 se
1352 586 1417 606 non
1436 575 1620 606 interfuisse
1639 575 1795 606 dixerunt
1805 575 1828 612 ⁵,
1848 575 1933 606 sicut
1950 579 1984 606 et
2000 576 2063 607 Ro—

421 629 563 660 thadusss
581 629 676 660 modo
693 629 727 660 in
744 629 866 670 synodo
883 629 972 670 apud
990 628 1104 659 Trecas
1120 629 1215 660 dixit.
1242 629 1303 660 Est
1319 628 1431 665 etiam,
1449 628 1607 669 quoniam
1624 632 1657 658 et
1673 639 1692 658 a
1710 627 1817 669 Sergio
1836 632 1911 669 post
1927 629 2065 661 eandem

421 682 665 714 restitutionem
689 682 937 724 dampnationis
957 682 1156 713 sententiam
1180 682 1214 713 in
1237 693 1313 713 eum
1338 681 1502 724 prolatam
1525 681 1684 722 legerunt,
1709 681 1794 712 sicut
1816 682 1920 713 codex
1942 682 2063 724 episco-

422 735 542 777 palis³⁷
561 739 595 766 et
613 735 741 767 litterae
761 736 874 767 domni
893 735 1063 777 apostolici
1084 746 1140 777 per
1158 735 1329 776 Egilonem
1350 734 1442 766 nobis
1464 733 1601 765 missae⁸
1620 735 1859 766 demonstrant.
1892 734 1953 766 Sed
1972 739 2006 766 et
2025 735 2064 766 de

419 794 509 820 carta
527 789 824 829 transmigrationis
841 789 882 820 ad
896 788 995 821 aliam
1011 788 1213 830 parrochiam
1227 800 1246 819 a
1263 788 1412 829 Gregorio
1431 787 1539 829 papa9
1557 788 1704 829 praefato
1722 787 1827 819 Eboni
1846 788 1966 820 facta1⁰
1985 788 2065 820 nihil

420 843 453 873 in
475 842 649 884 praedictis
668 853 782 874 eorum
802 842 931 883 scriptis
951 842 1100 879 habetur,
1121 842 1279 883 quoniam
1298 842 1333 872 in
1354 841 1425 872 istis
1446 841 1565 872 nostris
1586 840 1770 881 regionibus
1790 845 1888 872 antea
1907 841 1976 873 visa
1998 852 2064 873 non

421 895 485 926 fuit
500 896 561 926 nisi
576 896 683 932 modo,
695 907 774 927 cum
786 895 924 928 dilectus
938 895 1037 926 frater
1052 899 1159 926 noster
1166 895 1326 926 Vulfadus
1333 895 1359 914 Π
1372 894 1462 935 apud
1471 893 1585 925 Trecas
1599 905 1672 925 eam
1686 894 1779 925 nobis
1792 895 1946 926 ostendit.
1973 895 2063 932 Quae

420 953 535 980 utrum
553 960 572 980 a
592 949 754 990 Gregori0‚
773 949 826 980 cui
845 949 1000 980 successit
1020 948 1158 989 Sergius,
1179 949 1256 979 data
1275 948 1375 978 fuerit
1392 959 1436 979 an
1456 958 1532 984 non,
1551 959 1593 978 ex
1611 947 1728 978 scrinio
1748 952 1880 979 sanctae
1899 949 1982 979 sedis
1999 948 2062 979 Ro—

420 1013 547 1039 manae,
571 1006 609 1033 ut
628 1003 802 1039 credimus,
824 1002 896 1033 sciri
917 1001 1050 1034 valebit.
1085 1001 1293 1033 Ordinatores
1314 1011 1444 1042 quoque
1467 1001 1530 1032 mei
1550 1001 1721 1032 Remensis
1743 1001 1926 1042 provintiae
1947 1001 2062 1033 suffra-

417 1056 511 1097 ganei
538 1056 682 1097 episcopi
703 1067 797 1097 saepe
818 1055 952 1097 passim,
971 1055 1027 1086 sed
1041 1058 1074 1086 et
1093 1055 1127 1086 in
1142 1055 1264 1096 synodo
1281 1054 1415 1095 professi
1436 1054 1605 1085 fuerunt¹2
1623 1054 1747 1086 eidemb
1764 1054 1871 1086 Eboni
1891 1066 1956 1086 non
1975 1066 2061 1087 com·
2101 1070 2114 1089 5

420 1109 601 1140 municasse
624 1109 658 1140 in
679 1109 739 1146 his,
764 1109 848 1140 unde
870 1109 978 1140 fuerat
998 1108 1316 1144 excommunicatus,
1341 1107 1402 1138 nisi
1426 1108 1520 1138 modo
1543 1108 1643 1138 frater
1662 1107 1845 1146 Rothadus,
1869 1112 1907 1139 ut
1927 1109 2063 1150 quidam

419 1166 553 1204 putant,
572 1173 670 1194 causa
688 1173 762 1203 erga
783 1173 833 1193 me
851 1161 922 1199 zeli,
941 1162 998 1203 qui
1017 1162 1159 1193 eundem
1176 1161 1325 1193 Ebonem
1343 1161 1540 1202 dampnavit
1558 1165 1592 1191 et
1612 1172 1662 1192 me
1680 1161 1777 1202 elegit
1795 1172 1832 1192 ac
1852 1172 1930 1193 cum
1947 1163 2062 1194 ceteris

417 1215 577 1258 episcopis
592 1215 757 1246 ordinavit
771 1220 804 1246 et
818 1215 875 1257 qui
889 1215 1010 1246 dicitur
1024 1215 1138 1251 dicere,
1149 1215 1237 1256 quod
1251 1214 1387 1256 quidam
1402 1214 1578 1255 episcopi¹³
1593 1225 1612 1245 a
1627 1215 1810 1256 saepedicto
1821 1215 1932 1247 Ebone
1947 1215 2063 1247 anulos

417 1273 451 1300 et
473 1268 605 1300 baculos
627 1269 822 1311 acceperint,
845 1279 923 1300 cum
946 1269 1108 1309 quaedam
1131 1268 1275 1309 synodus
1299 1266 1477 1304 Gallicana,
1501 1279 1584 1309 quae
1609 1267 1765 1299 Toletana
1788 1272 1935 1306 vocatur,
1960 1269 2061 1300 dicat:

418 1321 616 1360 Episcopus14,
632 1326 771 1360 presbiter
788 1328 840 1352 aut
854 1326 999 1356 diaeonus,
1014 1326 1037 1351 si
1055 1335 1072 1351 a
1090 1325 1179 1359 gradu
1198 1333 1249 1351 suo
1267 1325 1371 1350 iniuste
1385 1325 1511 1351 deiectus
1529 1325 1559 1350 in
1577 1325 1701 1351 secunda
1720 1325 1830 1359 synodo
1848 1326 1982 1352 innocens
2001 1335 2061 1360 rep·
2086 1337 2097 1355 2

418 1380 553 1413 periatur,
570 1387 627 1405 non
644 1382 739 1414 potest
755 1387 814 1405 esse
832 1379 908 1412 quod
925 1379 1027 1409 fuerat,
1045 1379 1098 1404 nisi
1115 1379 1219 1412 gradus
1236 1379 1354 1405 amissos
1371 1379 1499 1412 recipiat,
1516 1374 1674 1415 quoniam
1692 1387 1787 1405 coram
1804 1378 1906 1405 altario
1922 1379 1958 1405 de
1976 1388 2062 1406 manu

416 1433 624 1466 episcoporum,
639 1433 663 1458 si
678 1433 827 1466 episcopus
843 1433 902 1465 est,
919 1433 1054 1462 orarium,
1070 1432 1188 1458 anulum
1203 1434 1233 1457 et
1249 1431 1392 1462 baculum,
1408 1434 1438 1457 et
1453 1432 1492 1457 sic
1508 1428 1643 1459 demum
1659 1428 1698 1459 de
1714 1431 1837 1466 reliquis
1855 1429 2063 1471 prosequitur

416 1486 576 1519 gradibus.
605 1482 699 1514 Unde
717 1485 858 1519 constat,
877 1482 955 1523 quia
973 1482 1075 1512 isdem
1092 1481 1162 1512 Ebo
1180 1481 1324 1512 deiectus
1343 1481 1524 1512 secundum
1542 1481 1626 1512 hanc
1643 1482 1917 1513 constitutionem
1935 1482 1976 1513 ab
1994 1483 2061 1524 epi-

418 1536 524 1578 scopis
542 1534 681 1567 anulum
699 1539 733 1566 et
750 1534 905 1566 baculum
924 1535 1067 1576 accipere
1086 1539 1119 1565 et
1139 1545 1204 1565 non
1223 1535 1383 1576 episcopis
1401 1535 1476 1565 dare
1495 1534 1662 1566 debuerat.

508 1589 552 1620 Et
566 1589 643 1630 quia
658 1589 820 1630 scriptura
834 1589 928 1620 dicit:
943 1588 984 1620 ‘A
999 1588 1073 1619 filiis
1088 1588 1155 1619 tuis
1169 1599 1246 1619 cave
1261 1592 1295 1619 et
1309 1599 1327 1619 a
1343 1588 1529 1619 domesticis
1544 1588 1611 1619 tuis
1625 1588 1786 1625 attende'3
1803 1591 1850 1619 et:
1866 1587 2059 1630 ‘Unusqujs-
2099 1602 2112 1621 5

419 1653 482 1683 que
501 1653 533 1673 se
551 1654 570 1673 a
590 1642 740 1684 proximo
759 1653 817 1673 suo
835 1642 1000 1673 custodiat
1017 1645 1051 1672 et
1068 1642 1103 1672 in
1121 1641 1211 1672 omni
1230 1641 1329 1672 fratre
1348 1652 1407 1672 suo
1427 1652 1492 1672 non
1510 1641 1629 1673 habeat
1648 1641 1830 1679 fiduciam’;
1849 1646 1898 1673 et:
1917 1641 2061 1673 ‘Inimici

418 1695 561 1727 hominis
580 1695 750 1727 domestici
768 1695 860 1732 eius',
880 1706 937 1736 ego
957 1706 1013 1737 per
1034 1695 1171 1726 missum
1192 1705 1303 1726 meum
1322 1694 1522 1736 exemplaria
1541 1695 1740 1736 scriptorum
1760 1706 1865 1737 nuper
1884 1695 1919 1726 in
1938 1696 2060 1736 synodo

415 1749 504 1790 apud
521 1749 634 1780 Trecas
650 1749 813 1780 factorum
830 1749 1008 1785 mitterem,
1025 1759 1064 1779 ne
1083 1748 1165 1779 forte
1183 1748 1223 1780 ab
1241 1748 1356 1779 amicis
1372 1748 1497 1784 meis15,
1516 1759 1658 1789 quorum
1676 1748 1923 1779 infestationem
1942 1748 2060 1790 patior,

415 1801 525 1843 aliqua
546 1803 691 1833 fortassis
712 1813 785 1843 erga
807 1813 858 1833 me
879 1802 913 1833 in
934 1802 979 1833 eis
999 1801 1218 1843 conpilentur,
1234 1801 1260 1832 si
1281 1800 1380 1832 solide
1409 1801 1557 1839 propter1⁶
1577 1802 1786 1842 quorundam
1806 1805 1967 1839 principum
1987 1813 2061 1843 erga

417 1867 467 1887 me
486 1856 754 1891 commotionem,
776 1859 878 1892 quibus
897 1859 934 1885 ad
953 1867 1005 1885 sua
1024 1861 1094 1885 vota
1113 1859 1222 1892 placere
1242 1866 1300 1884 non
1319 1858 1435 1888 audeoc,
1456 1854 1541 1885 sicut
1558 1855 1608 1886 hic
1630 1855 1796 1896 praefatus
1815 1854 2008 1886 venerabilis
2027 1859 2061 1886 et

504 1983 528 2009 ²²)
546 1980 600 2011 Aul
616 1981 676 2004 Ras.
694 1981 725 2004 Β.
809 1979 832 2010 b)
851 1981 934 2004 Erstes
949 1989 962 2004 e
977 1980 1125 2011 virberqeschr.
1143 1980 1173 2003 B.
1258 1982 1281 2009 c)
1301 1979 1359 2003 -tleo
1373 1980 1418 2009 au!
1435 1979 1495 2003 Ras.
1512 1980 1543 2003 Β,

507 2070 532 2100 1)
553 2068 595 2094 ΙΙ.
616 2068 801 2102 (844—847).
897 2069 924 2099 2)
944 2068 973 2093 S.
987 2068 1052 2094 oben
1066 2068 1093 2093 S.
1107 2068 1124 2094 6
1137 2068 1172 2093 A.
1186 2067 1211 2093 9,
1305 2068 1332 2098 3)
1350 2067 1406 2099 Vql.
1423 2067 1472 2092 das
1485 2067 1745 2100 Synodalschreibcn
1761 2076 1812 2093 vonr
1830 2068 1942 2101 Troyes,
1960 2068 2058 2093 Mansa

416 2112 474 2142 XV,
495 2113 554 2138 793.
581 2112 610 2137 S.
633 2113 701 2138 auch.
723 2113 787 2138 oben
810 2113 859 2138 Nr.
874 2112 926 2138 198
947 2112 975 2137 S.
989 2112 1041 2138 211
1062 2112 1091 2137 Z.
1105 2111 1174 2146 2129.
1197 2111 1254 2137 ‘und
1276 2112 1310 2137 A.
1330 2111 1371 2137 13.
1499 2113 1526 2143 4)
1550 2111 1605 2143 Fyl.
1625 2111 1675 2136 {Ias
1700 2112 1736 2136 im
1764 2112 1969 2145 Apoloqeticum
1988 2112 2058 2138 Ebos

415 2157 578 2189 ilberliejerte
590 2156 768 2189 Sclzriftst‘iick
792 2157 872 2189 (MG.
887 2157 967 2182 Cone.
982 2157 998 2182 Ι
1000 2157 1016 2182 I
1019 2177 1025 2187 ‚
1041 2157 1092 2182 798
1104 2156 1161 2182 und
1174 2156 1225 2182 805
1231 2156 1250 2188 s.
1256 2156 1279 2189 ),
1297 2155 1346 2181 das
1360 2163 1410 2181 von
1423 2155 1474 2180 den
1490 2156 1611 2181 Reimser
1623 2156 1910 2189 Suffrayanbischbsen
1929 2157 1970 2182 bei
1984 2157 2055 2182 Ebos

414 2201 670 2234 Wiedereinsetzunq
689 2202 728 2234 (6.
744 2201 805 2226 Dez.
821 2201 890 2233 840)
905 2201 1099 2226 mzterzeichnet
1119 2201 1223 2226 worden
1244 2208 1305 2225 war.
1399 2201 1427 2231 5)
1448 2200 1507 2232 Aus
1522 2199 1567 2225 der
1583 2199 1604 2225 S
1607 2200 1692 2232 ynode
1708 2209 1759 2225 von
1775 2200 1902 2226 Soissons
1923 2201 1984 2231 853,
2005 2201 2053 2234 vql.

415 2245 512 2270 Manszt
529 2245 607 2275 XIV,
620 2245 681 2270 987.
788 2246 815 2277 6)
835 2245 864 2270 S.
886 2245 951 2270 oben
971 2245 1000 2271 S.
1015 2246 1029 2270 7
1047 2246 1080 2270 A.
1093 2246 1118 2271 5.
1213 2246 1241 2276 7)
1258 2244 1313 2277 Vql.
1332 2244 1411 2269 Liber
1428 2244 1524 2277 pontif.
1543 2243 1582 2269 ed.
1596 2244 1737 2270 Dnchesue
1753 2244 1797 2274 II,
1814 2244 1857 2270 90.
1953 2246 1980 2277 8)
1998 2245 2056 2278 Vyl.

413 2289 464 2313 den
489 2289 566 2321 Briej
584 2289 727 2314 Nikolaus*
746 2290 770 2314 1.
795 2298 829 2314 (ιη
854 2289 896 2314 die
923 2289 1092 2315 Teilnehmer
1113 2289 1159 2314 der
1181 2288 1289 2322 Synode
1318 2297 1368 2314 von
1394 2288 1521 2314 Soiswns
1539 2287 1600 2318 866,
1626 2288 1690 2314 MG.
1712 2288 1800 2321 Epist.
1819 2289 1868 2319 VI,
1888 2289 1941 2314 422
1960 2289 2010 2314 Νν.
2025 2290 2058 2315 79

417 2333 508 2364 (J.-E.
528 2333 598 2358 2822
619 2353 624 2357 .
739 2334 767 2365 9)
788 2334 835 2359 IV.
863 2333 1048 2366 (327—844).
1169 2334 1212 2364 10)
1234 2333 1297 2358 MG.
1319 2333 1407 2366 Epist.
1425 2333 1456 2361 V,
1473 2332 1541 2366 Slff.
1562 2332 1654 2365 (J.-E.
1674 2332 1769 2365 7⁴25&
1785 2333 1843 2358 und
1859 2332 1980 2365 2535*),·
2007 2334 2055 2366 vql.

414 2392 449 2395 —
470 2377 538 2402 avch.
560 2386 621 2402 :um
642 2377 780 2409 lolqenden
804 2392 839 2396 —
859 2378 908 2402 das
930 2376 1191 2411 Synodalschr'eiben
1213 2385 1263 2402 ron
1288 2377 1399 2410 Troyes,
1418 2377 1515 2402 Mami
1531 2376 1591 2406 XV,
1609 2376 1667 2402 794.
1782 2378 1826 2408 ll)
1846 2377 1874 2402 S.
1892 2377 1957 2402 oben
1980 2377 2008 2402 S.
2022 2379 2057 2403 50

414 2422 448 2446 A.
462 2421 486 2446 4.
602 2422 644 2453 12)
663 2421 693 2446 Z.
710 2422 741 2446 Β,
759 2422 808 2453 nul
825 2421 870 2446 der
889 2422 999 2454 Synode
1018 2430 1068 2447 ron
1088 2422 1214 2447 Soissons
1234 2422 1295 2451 853,
1312 2430 1333 2446 8.
1355 2421 1453 2447 Mami
1465 2421 1542 2451 XIV,
1553 2421 1606 2446 987
1619 2421 1682 2453 (act.
1691 2421 1728 2453 V)
1747 2421 1804 2446 und
1814 2421 1866 2446 983
1879 2421 1942 2453 (acl.
1953 2422 2053 2454 VIII).

414 2465 638 2497 Hejele-Leclercq
658 2465 706 2495 IV,
725 2466 777 2491 419
794 2466 926 2491 rerstehen
943 2469 1020 2491 unser
1040 2466 1085 2491 dm·
1104 2469 1256 2498 ycmmulen
1271 2466 1379 2498 Synode
1400 2465 1443 2491 die
1464 2474 1514 2491 von
1540 2465 1641 2498 Troyes
1661 2465 1722 2493 867,
1743 2465 1855 2490 Sclzrc‘jrs
1876 2465 1904 2491 S.
1919 2465 1952 2491 34
1974 2466 2008 2491 A.
2022 2466 2057 2492 33

413 2509 516 2534 scheiut
535 2509 578 2534 die
597 2518 646 2534 von
664 2509 791 2535 Soissons
808 2510 860 2535 853
883 2510 1076 2535 anzmzehmen.
1102 2525 1137 2528 —
1158 2510 1213 2543 Vql.
1226 2509 1341 2542 dasqeyen
1359 2510 1410 2535 den
1430 2510 1506 2542 Bries
1524 2509 1608 2535 Karls
1623 2509 1668 2534 des
1686 2509 1793 2534 Kahlen
1811 2518 1848 2534 (m
1867 2510 2003 2535 Nikolaus
2018 2510 2054 2540 I.,

415 2553 511 2578 Mami
524 2553 582 2583 XV,
598 2554 662 2579 799:
684 2554 733 2579 Cui
752 2556 820 2579 tunc
837 2562 943 2583 omnes,
962 2555 1009 2587 qui
1035 2555 1187 2584 affuerunt,
1206 2555 1489 2580 communicaverunt
1506 2569 1541 2572 —
1558 2569 1600 2578 -—-.
1709 2554 1752 2585 13)
1773 2554 1883 2579 Simeon
1902 2562 1952 2580 von
1970 2554 2055 2584 Laon,

414 2598 510 2630 Lupus
535 2606 583 2623 ron.
607 2597 734 2629 Chydlmzs,
753 2598 863 2631 Erpuin
881 2607 931 2623 von
955 2598 1058 2628 Senlis,·
1077 2607 1097 2623 s.
1118 2598 1342 2631 Helele-Leclercq
1359 2598 1408 2627 IV,
1427 2598 1487 2624 194.
1597 2599 1640 2630 14)
1662 2597 1816 2623 Hinschius
1837 2597 1866 2624 S.
1880 2598 1957 2630 368j.
1976 2607 1996 2624 c.
2009 2599 2052 2624 27.

416 2643 459 2673 15)
477 2642 532 2674 Vql.
548 2642 622 2667 Ann.
641 2642 742 2667 Berlin.
757 2642 809 2667 <3¹67
826 2642 864 2667 ed.
878 2643 962 2668 Wasit:
976 2642 1003 2667 S.
1017 2643 1065 2668 88:
1083 2643 1205 2668 Karolus
1221 2646 1328 2673 autem,
1342 2643 1489 2668 immemor
1503 2641 1646 2668 fidelitatis
1663 2645 1750 2675 atque
1766 2642 1905 2673 laborum,
1920 2651 1990 2676 quos
2006 2651 2056 2676 pro

413 2687 472 2711 eius
489 2686 593 2711 honore
616 2689 645 2711 et
661 2687 737 2719 regni
761 2687 880 2711 obtentu
905 2687 1066 2719 saepefatus
1084 2687 1254 2713 Hincmarus
1273 2695 1322 2720 per
1340 2687 1432 2720 plures
1452 2694 1541 2712 annos
1559 2686 1692 2717 subierat,
1715 2687 1834 2712 eandem
1853 2687 2001 2720 epistolam
2020 2687 2057 2713 ab

413 2730 537 2756 Aetardo
556 2730 608 2756 sibi
627 2730 688 2756 dari
707 2731 800 2763 exegit
818 2733 847 2755 et
865 2731 1137 2764 archiepiscoporum
1160 2731 1249 2764 sigilla
1272 2731 1449 2764 confringens
1472 2733 1551 2763 gesta
1574 2731 1674 2763 synodi
1698 2731 1808 2764 relegit;
1832 2733 1862 2756 et
1885 2731 1960 2764 quia,
1983 2731 2057 2757 sicut

413 2775 549 2804 voluerat,
576 2775 605 2800 in
625 2774 723 2800 eadem
748 2775 856 2807 synodo
879 2775 1049 2801 Hincmarus
1070 2784 1125 2801 non
1146 2776 1244 2801 extitit
1265 2776 1438 2805 confutatus,
1467 2774 1614 2808 epistolam
1640 2783 1690 2800 suo
1714 2776 1827 2800 nomine
1853 2775 1889 2801 ad
1908 2775 2055 2801 Nicolaum

2089 806 2115 824 10

2085 1867 2111 1887 30

2080 2206 2106 2226 35

2080 2428 2106 2446 40

2080 2647 2106 2665 -15

413 2827 514 2851 papam
535 2819 635 2844 dictari
654 2819 682 2844 in
702 2819 932 2845 contrarietatem
952 2820 1097 2845 Hinr-mari
1124 2820 1197 2845 feeit.
1315 2821 1358 2851 16)
1376 2819 1432 2851 Vql.
1448 2819 1510 2844 oben
1534 2819 1583 2844 ΝΤ.
1597 2819 1649 2844 198
1663 2819 1692 2844 S.
1706 2819 1758 2845 206
1771 2819 1801 2844 Z.
1815 2819 1876 2851 28j.
1893 2819 1949 2844 und
1963 2820 1997 2844 A.
2012 2820 2053 2844 11.
2097 2851 2103 2854 -
