2220 3192
33 813 61 834 10

31 1078 58 1099 15

33 1344 60 1364 2⁰

29 1609 58 1629 25

29 1874 57 1894 80

31 2143 58 2164 85

32 2440 60 2460 40

33 2660 59 2680 45

662 234 849 261 HINKMAR
869 234 947 261 VON
967 234 1087 262 REIMS
1109 235 1168 262 169.
1673 234 1732 262 145

86 322 286 354 studuimus.
312 321 390 352 Post
412 332 496 362 quae
519 322 696 360 voluimus,
721 324 798 364 quia
821 324 866 355 sic
890 324 983 355 nobis
1005 324 1186 356 secundum
1208 335 1312 356 sacras
1336 324 1473 365 regulas,
1496 325 1582 355 sicut
1603 335 1656 355 eas
1679 325 1731 355 in-

85 374 279 415 tellegimus,
304 375 413 405 visum
439 371 549 406 suerat
565 394 609 397 —
633 386 697 406 non
722 377 811 408 enim
836 377 904 408 sine
928 377 1035 418 dignis
1059 377 1280 418 poenitentiae
1305 377 1466 409 fructibus
1489 376 1613 409 absolvi
1638 388 1730 419 posse

86 432 255 470 putamuS‚
276 427 365 468 quod
385 427 606 459 anathematis
626 428 758 460 vinonio
779 441 798 460 a
820 430 918 460 sacris
938 430 1057 471 regulis
1078 431 1295 462 innodatum1
1314 431 1465 462 videmus
1481 449 1535 468 —‚
1559 434 1597 462 ut
1617 431 1731 462 iuxta*

84 480 334 513 ecclesiasticam
350 481 562 511 traditionem
578 481 668 522 prius
683 481 842 519 ecclesiae,
854 493 956 523 quam
971 483 1140 520 laeserant,
1153 484 1377 515 satisfacerent
1392 488 1426 514 et
1441 485 1484 515 sic
1496 485 1631 515 demum
1643 484 1730 525 quod

85 534 292 576 praecipiunt
313 534 384 564 iura
406 533 516 574 legum
538 534 759 566 mundialium
780 536 917 576 exequib
939 540 1161 577 procurarent.
1185 535 1247 568 Sed
1267 537 1427 578 quoniam
1447 537 1573 569 litteras
1594 542 1729 574 vestras,

84 597 167 629 quae
186 587 260 618 inde
282 586 362 618 nihil
381 592 628 628 praeceperunt,
650 588 752 618 immo
772 589 873 619 etiam
895 588 1021 620 nullam
1042 589 1293 630 protelationem
1312 591 1347 621 in
1366 601 1480 621 eorum
1499 591 1730 621 coniunctione

84 640 226 671 fiendam
244 639 522 681 significaverunt,
541 639 603 671 sibi
622 640 768 671 sufficere
787 640 963 672 voluerunt
988 646 1021 673 et
1046 643 1114 673 sine
1133 646 1241 674 vestra
1259 644 1468 681 auctoritate,
1487 644 1529 674 ad
1547 654 1649 684 quam
1666 643 1729 674 cla-

85 697 265 730 maverant,
281 694 362 734 cogi,
380 693 442 724 nisi
457 692 520 725 alio
537 704 569 724 se
588 694 683 724 modo
699 693 948 732 submitterent,
966 706 1032 726 non
1047 695 1241 733 debuerunt,
1258 707 1299 726 ex
1315 696 1416 727 altera
1432 696 1590 738 epistola²
1604 701 1729 728 vestrae

82 747 268 778 sanctitatis
286 747 331 777 eis
349 745 456 783 retuli,
475 746 563 787 quod
582 757 647 777 uon
665 745 748 787 leges
765 747 996 778 ecclesiasticas
1014 748 1233 785 dissolvistis&
1252 750 1307 780 sed
1326 760 1433 790 preces
1452 761 1509 791 pro
1527 761 1563 780 eo
1584 750 1728 787 misistis,

82 800 139 842 qui
159 800 269 841 puniri
289 800 470 831 secundum
490 799 573 840 leges
595 800 779 831 mundanas
800 804 940 842 poterat,
960 801 1118 842 quatinus
1138 801 1247 833 locum
1268 803 1457 844 poenitendi
1476 802 1619 840 haberet,
1641 803 1729 844 quod

81 857 196 885 contra
218 852 302 894 leges
324 853 452 884 divinas
474 853 662 884 admiserat.
688 851 739 884 Sic
762 857 796 883 et
818 853 960 884 salvator
985 858 1103 891 noster,
1127 854 1196 895 ‘qui
1219 855 1293 886 vult
1315 867 1428 886 omnes
1451 856 1599 887 homines
1623 856 1728 887 salvos

83 905 162 938 fieri'
178 909 211 937 et
227 905 393 937 neminem
407 905 482 938 vult
498 906 611 947 perire,
628 906 663 936 in
677 917 772 937 cruce
787 907 876 948 apud
893 911 1022 948 patrem
1036 908 1105 938 iure
1121 908 1295 940 sacerdotis
1313 919 1369 949 pro
1386 909 1452 939 suis
1469 909 1728 950 persecutoribus

81 960 275 992 intercessit.
301 960 396 996 Quod
413 960 448 990 in
466 959 522 996 eis,
541 959 599 1000 qui
618 963 693 1001 post
712 959 896 1000 passionem
914 960 984 991 eius
1001 961 1208 992 crediderunt
1225 966 1259 992 et
1276 962 1469 1003 compuncti
1489 962 1728 1003 poenitentiam

81 1016 227 1055 egerunt,
249 1013 307 1054 qui
327 1023 406 1044 cum
428 1016 520 1054 patre
541 1013 655 1044 omnia
676 1013 788 1049 donat,
811 1012 985 1044 efficaciter
1006 1014 1207 1056 impetravit.

170 1066 220 1097 Ad
238 1067 333 1098 cuius
352 1066 457 1097 instar
474 1065 700 1107 apostolorum
719 1067 870 1103 vicarius,
891 1067 933 1098 ad
953 1077 1095 1108 quorum
1115 1067 1230 1098 limina
1249 1068 1479 1108 confugerunt,
1500 1072 1533 1098 et
1552 1067 1728 1099 catholicae

82 1123 180 1160 atque
197 1118 394 1161 apostolicae
411 1118 560 1151 ecclesiae
578 1130 729 1150 summus
748 1120 909 1161 pontifex,
926 1120 1014 1161 quod
1030 1121 1066 1151 in
1082 1121 1267 1151 homineni‘¹
1286 1131 1393 1161 regem
1409 1124 1442 1151 et
1459 1121 1494 1151 in
1511 1120 1594 1162 leges
1613 1121 1728 1152 mundi

82 1176 255 1214 peccatum
268 1177 328 1210 est,
344 1173 515 1214 perdonari
531 1173 670 1214 petistis,
688 1176 744 1203 ut0
756 1173 843 1214 quod
857 1173 892 1204 in
906 1184 1013 1214 regem
1026 1173 1107 1204 caeli
1119 1177 1153 1204 et
1167 1178 1270 1204 terrae
1283 1178 1318 1204 et
1331 1174 1365 1204 in
1380 1173 1463 1214 leges
1477 1173 1624 1205 caelestis
1638 1175 1728 1215 regni

81 1225 244 1257 offensum
260 1227 392 1263 fueratt,
410 1226 567 1257 haberent
582 1226 731 1257 inducias
749 1237 804 1267 per
822 1226 1061 1267 poenitentiam
1076 1226 1238 1258 abolendi.
1256 1226 1399 1258 Econtra
1415 1226 1560 1258 carnales
1577 1231 1610 1258 et
1626 1228 1728 1258 etiam

81 1279 217 1320 quidam
236 1291 361 1316 eorum,
381 1280 439 1321 qui
458 1283 556 1310 antea
575 1279 798 1310 coniunctioni
819 1279 1006 1311 huiusmodi
1025 1279 1304 1316 contradicebant,
1326 1280 1385 1310 hac
1405 1280 1602 1317 defensione,
1626 1284 1663 1310 ut
1682 1281 1728 1311 eis

81 1333 190 1364 visum
213 1333 330 1370 fuerat,
354 1344 386 1364 se
410 1337 626 1374 protegentes,
650 1333 715 1369 sed,
739 1333 825 1364 sicut
846 1345 878 1364 se
901 1333 998 1364 habet
1019 1334 1149 1370 veritas,
1173 1332 1278 1364 salute
1303 1334 1465 1364 nudantes
1487 1333 1528 1364 ab
1551 1333 1647 1364 istius
1671 1344 1726 1364 no-

80 1387 232 1418 vissimae
251 1390 377 1417 vestrae
397 1386 553 1427 epistolae
573 1386 680 1417 verbis
700 1387 842 1417 recedere
865 1386 1051 1422 uoluerunt,
1072 1397 1173 1427 quam
1193 1387 1261 1417 sine
1283 1385 1498 1427 protelatione
1519 1397 1632 1417 eorum
1651 1397 1727 1417 con-

80 1440 284 1471 iunctionem
299 1439 412 1470 debere
429 1439 496 1470 fieri
511 1440 734 1470 demonstrare
750 1439 911 1470 dicebant.
928 1440 1057 1470 Dicenti
1073 1446 1167 1470 veross
1184 1439 1273 1476 mihi,
1289 1440 1366 1480 quia
1383 1450 1440 1480 pro
1457 1438 1547 1471 nulla
1564 1443 1727 1481 potestate

80 1497 207 1524 terrena
224 1494 313 1534 quod
331 1493 369 1524 de
386 1493 611 1525 ecclesiasticis
630 1492 748 1534 regulis
767 1492 986 1534 intellegerem
1005 1493 1169 1524 dimittere
1188 1492 1349 1530 deberem,
1370 1493 1513 1523 maxime
1530 1503 1608 1524 cum
1625 1493 1728 1524 etiam

82 1557 221 1583 mecum,
244 1547 346 1578 immo
367 1557 446 1578 cum
466 1547 545 1584 Deo,
567 1546 709 1578 domnus
732 1557 788 1577 rex
810 1551 919 1577 noster
942 1545 1027 1577 filius
1049 1550 1156 1577 vester
1180 1544 1321 1577 Karolus
1344 1547 1474 1582 faceret,
1496 1546 1590 1586 quasi
1610 1556 1727 1577 consu-

80 1599 174 1632 lendo
197 1600 276 1631 mihi
295 1600 432 1641 quidam
452 1600 510 1631 hoc
531 1600 693 1631 dederunt
712 1598 897 1637 consilium,
920 1600 954 1630 in
973 1610 1038 1640 quo
1061 1610 1126 1630 non
1149 1599 1237 1636 meis,
1260 1599 1314 1630 sed
1334 1598 1440 1630 verbis
1460 1609 1574 1630 eorum
1595 1602 1669 1630 utar
1684 1617 1730 1623 ——

79 1664 163 1695 quae
186 1653 403 1685 mansuetudo
424 1657 543 1690 vestra,
566 1652 659 1684 velut
678 1652 871 1694 exemplum
891 1657 925 1684 et
945 1653 1072 1684 doctrix
1092 1652 1282 1693 disciplinae
1302 1652 1373 1689 Dei,
1398 1652 1505 1683 mitis¹¹
1525 1653 1571 1683 et¹
1591 1651 1726 1684 humilis

79 1707 172 1739 corde
191 1717 228 1738 ac
250 1707 378 1749 patiens
397 1707 638 1748 aequanimiter
658 1706 853 1738 sustinebitk
869 1725 912 1729 —
930 1706 1122 1742 dicentium,
1146 1709 1193 1742 ut,
1214 1705 1291 1746 quia
1312 1716 1378 1736 non
1398 1704 1582 1743 saecularis,
1603 1705 1659 1736 sed
1677 1716 1727 1737 ec-

79 1759 258 1792 clesiastica
278 1764 424 1801 potestas
443 1761 481 1791 de
500 1760 560 1791 hoc
582 1760 661 1791 mihi
682 1760 812 1801 negocio
832 1760 1019 1800 imperaret,
1040 1758 1316 1800 conspirationem
1336 1758 1560 1790 resistentium
1578 1757 1726 1800 aliquan-

80 1813 191 1845 tulum
214 1813 421 1851 declinarem,
447 1825 486 1845 ne
509 1814 687 1855 quisquam
709 1813 859 1844 aemulus
885 1816 992 1843 noster
1014 1816 1139 1843 vestrae
1163 1811 1334 1843 sanctitati
1357 1815 1551 1852 suggereret,
1575 1812 1668 1852 quasi
1692 1811 1727 1843 in

80 1870 275 1909 contemptu
294 1867 401 1899 sancti
419 1866 624 1908 apostolatus
643 1867 743 1898 vestri
762 1871 795 1897 et
815 1867 898 1897 sedis
917 1865 1113 1907 apostolicae
1132 1865 1191 1896 hoc
1210 1865 1357 1906 egissem,
1377 1868 1412 1895 et
1429 1869 1556 1896 vestrae
1577 1876 1727 1896 mansue-

80 1920 205 1951 tudinis
226 1931 299 1962 erga
323 1931 373 1952 me
395 1921 547 1952 animum
567 1917 805 1952 commoveret¹
832 1924 865 1950 et
886 1929 1129 1960 quamcumque
1150 1918 1540 1955 excommunicationem,
1562 1918 1648 1948 sicut
1669 1929 1726 1959 pro

79 1973 251 2005 Rothado³
265 1978 379 2005 actum
396 1974 504 2005 fuerat
515 1993 559 1996 —
573 1974 660 2015 quod
677 1978 791 2004 tamen
806 1973 847 2004 ad
865 1984 915 2004 me
933 1984 998 2004 non
1015 1970 1196 2014 pervenit4,
1215 1971 1275 2002 nisi
1291 1975 1458 2012 quantum
1471 1971 1538 2003 Odo
1555 1971 1727 2012 episcopus

80 2031 113 2058 et
133 2032 245 2069 postea
261 2027 391 2058 Liudom
410 2026 551 2058 detulit⁵
568 2046 620 2063 —,
641 2032 823 2067 antequam
842 2027 900 2057 adn
919 2026 1153 2056 auctoritatem
1166 2028 1311 2055 vestram
1331 2028 1497 2065 gestorum
1516 2025 1632 2055 seriem
1651 2024 1726 2056 inde

82 2081 210 2112 mittere
228 2080 445 2112 valuissemus
462 2080 515 2111 vel
531 2081 696 2121 quomodo
715 2091 763 2110 res
781 2083 870 2120 gesta
890 2079 988 2110 fuerit
1008 2089 1063 2120 per
1082 2077 1204 2119 legatos
1221 2081 1346 2109 vestros
1364 2077 1533 2115 resciretis,
1552 2077 1725 2115 obtineret,

79 2134 270 2175 praesertim
290 2145 368 2165 cum
397 2134 431 2165 in
453 2134 512 2165 hac
535 2132 673 2176 epistola
696 2137 821 2164 vestrae
844 2132 1050 2164 auctoritatis
1073 2130 1229 2172 legatur⁶,
1252 2131 1351 2172 quod,
1375 2131 1401 2162 si
1423 2130 1517 2162 aliter
1538 2130 1725 2171 egissemu8‚

79 2197 180 2228 quam
198 2187 233 2218 in
251 2198 288 2218 ea
307 2188 469 2228 scriptum
487 2191 547 2224 est,
563 2188 667 2228 gratia
686 2191 719 2217 et
737 2186 968 2218 communione
987 2189 1094 2215 vestra
1114 2184 1177 2215 frui
1198 2194 1407 2224 nequaquam
1420 2183 1613 2215 valeremus.
1641 2184 1726 2221 Quo-

168 2278 191 2305 a)
204 2277 273 2300 iusta
286 2274 324 2300 1¹³.
411 2275 435 2305 ὓ)
447 2280 473 2299 et
487 2277 531 2307 qui
545 2278 567 2300 l.
651 2278 674 2305 0)
686 2276 755 2299 Fehlt
767 2276 791 2299 2.
882 2274 906 2304 11)
920 2275 1023 2298 nomine
1037 2275 1058 2297 1.
1144 2275 1167 2303 e)
1180 2276 1206 2297 et
1220 2274 1243 2297 1.
1329 2271 1348 2302 t)
1366 2276 1423 2296 erat
1436 2274 1459 2299 2,
1473 2273 1496 2296 3.
1584 2275 1607 2302 Β)
1618 2272 1689 2296 Fehlt
1701 2274 1726 2297 2.

81 2318 105 2351 ¹³)
122 2321 205 2344 mittis
221 2321 244 2344 2.
328 2318 347 2349 ¹)
362 2320 433 2344 Fehlt
449 2322 472 2344 1.
558 2319 584 2349 k)
601 2320 743 2344 sustinebat
763 2321 786 2344 23.
878 2317 896 2347 ¹)
913 2321 1087 2341 commoneret
1101 2318 1124 2342 2.
1210 2319 1243 2346 111)
1261 2317 1351 2341 Laudo
1368 2317 1431 2340 verb.
1447 2317 1476 2340 in
1492 2317 1565 2340 Ludo
1583 2318 1623 2343 1⁸:
1635 2316 1726 2340 Laudo

80 2364 142 2388 verb.
157 2364 185 2388 in
201 2364 290 2388 Lando
308 2363 346 2388 1²³.
432 2367 457 2393 ¹¹)
473 2364 542 2388 Fehn
560 2366 580 2388 l.

172 2434 269 2467 1)V9l.
296 2434 358 2459 oben
386 2435 435 2460 Nr.
450 2435 509 2460 149.
538 2435 597 2460 1:55.
625 2434 676 2459 156
696 2434 723 2459 S.
739 2434 797 2458 118,
819 2433 878 2458 120.
998 2433 1025 2463 2)
1049 2432 1104 2464 1'92.
1131 2432 1194 2457 MG.
1221 2432 1309 2464 Epist.
1332 2431 1380 2461 VI,
1405 2431 1458 2457 360
1478 2431 1508 2456 Z.
1522 2431 1590 2465 325
1617 2431 1723 2456 Nr.-57.

82 2478 110 2511 3)
130 2478 187 2504 Von
210 2478 346 2507 Soissons,
372 2479 419 2511 vyl.
439 2479 504 2504 oben,
522 2479 549 2504 S.
566 2480 580 2504 7
598 2480 632 2504 A.
646 2480 670 2504 5.
696 2480 724 2503 S.
744 2481 824 2503 umen
853 2477 882 2502 S.
897 2476 984 2509 1465.
1106 2477 1135 2507 4)
1157 2476 1221 2508 Dass
1249 2475 1388 2501 Hinkmar
1414 2476 1541 2508 leuynete,
1569 2475 1620 2501 den
1649 2475 1726 2507 Bries

82 2523 227 2548 Nikolaus’
250 2523 274 2548 I.
299 2523 349 2548 Nr.
364 2524 407 2553 55,
431 2523 494 2549 MG.
519 2524 607 2556 Epist.
628 2523 675 2550 Vl.
699 2522 775 2554 353s.
798 2522 915 2546 erhalten
937 2529 967 2546 :u
991 2520 1085 2550 haben,
1108 2521 1142 2545 ist
1164 2520 1233 2546 auch
1260 2528 1312 2545 aus
1339 2520 1404 2545 oben
1427 2520 1477 2545 Nr.
1491 2520 1542 2544 165
1564 2519 1593 2545 S.
1608 2519 1659 2544 143
1687 2528 1724 2544 er-

82 2567 203 2593 eichtlich
229 2567 292 2600 (vql.
315 2567 415 2592 ebenda
438 2568 470 2593 A.
484 2567 527 2600 3).
623 2569 650 2599 5)
676 2567 726 2592 Boi
747 2566 804 2591 dem
822 2565 905 2590 durch
926 2564 982 2590 Odo
1004 2564 1192 2590 ubefrbrachten
1216 2564 1293 2597 Brief
1314 2564 1460 2590 Nikolaus'
1478 2564 1503 2589 Ι.
1525 2572 1563 2589 an
1586 2563 1725 2589 Hinkmar

83 2611 191 2637 handen
212 2619 239 2636 es
260 2611 317 2637 sich
338 2620 385 2637 um
402 2611 452 2637 Nr.
466 2612 510 2641 53,
534 2612 597 2637 ΜΘ.
616 2611 705 2644 Epist.
722 2611 769 2641 VJ,
781 2610 833 2635 362
840 2610 868 2643 ff.
896 2609 1021 2642 Daqeqen
1046 2609 1079 2634 ist
1097 2608 1143 2634 der
1160 2608 1255 2634 Inhalt
1272 2608 1318 2634 dea
1335 2607 1419 2634 durch
1437 2607 1488 2634 den
1506 2607 1617 2634 Dialeon
1636 2607 1725 2633 Lindo

82 2655 274 2681 abermittelten
292 2655 450 2682 Schreibens
468 2665 522 2681 vnur
539 2664 591 2681 aus
608 2656 659 2681 den
678 2655 813 2687 durftiyen.
827 2654 958 2686 Anqaben
976 2652 1033 2678 und
1051 2653 1110 2678 dem
1129 2653 1227 2678 kurzen
1244 2653 1398 2686 Fraqment,
1417 2652 1461 2678 die
1478 2652 1535 2677 sich
1553 2652 1583 2677 in
1602 2660 1724 2677 unser-em

84 2699 167 2725 Striclc
190 2699 281 2732 finden
308 2700 343 2733 (3.
363 2700 432 2726 auch
451 2704 533 2726 umen
552 2700 580 2726 S.
595 2700 656 2725 147.
676 2699 736 2724 149.
758 2699 838 2731 157).
864 2707 896 2723 :u
916 2697 1093 2730 crschliesscm
1120 2697 1168 2730 vyl.
1191 2697 1254 2722 MG.
1277 2697 1366 2730 Epist.
1385 2697 1433 2726 VJ,
1455 2697 1507 2722 377
1528 2697 1577 2721 Nr.
1591 2696 1625 2721 65
1645 2696 1724 2721 sowz'e

84 2743 195 2770 Schriivs
214 2743 243 2770 S.
257 2744 309 2770 253
330 2745 364 2770 A.
378 2744 412 2770 62
425 2745 482 2770 und
495 2745 529 2770 A.
543 2745 586 2770 67.
700 2746 727 2775 13)
750 2743 800 2768 Die
816 2742 978 2773 Berlrohuny
992 2741 1145 2766 Hinkmars
1158 2742 1207 2766 mit
1219 2741 1265 2766 der
1278 2741 1560 2766 Exkomammikation
1579 2740 1613 2765 ist
1632 2740 1724 2765 bercia&

84 2788 114 2813 in
132 2788 191 2814 dem
211 2788 288 2821 Briet
301 2788 446 2814 Nikolaus’
461 2789 485 2814 I.
506 2789 556 2814 Nr.
571 2789 614 2817 55,
636 2789 699 2813 MG.
716 2788 803 2821 Episl.
816 2786 864 2813 VI.
878 2786 939 2815 351,
960 2785 1075 2811 alsdamz
1097 2786 1126 2810 in
1141 2785 1190 2811 Nr.
1205 2786 1249 2813 58.
1265 2786 1328 2810 MG.
1346 2785 1433 2818 Epist.
1446 2785 1494 2815 VJ,
1508 2785 1560 2810 364
1580 2784 1721 2810 enthalten.

82 2831 138 2864 1⁷91.
160 2832 228 2857 auch
245 2832 310 2857 oben
326 2832 354 2857 S.
371 2833 422 2857 144
437 2833 466 2858 Z.
482 2833 515 2858 31
533 2832 591 2858 und
608 2833 642 2857 A.
659 2831 700 2857 13.

172 2881 337 2906 Ems'roml:
356 2881 439 2908 VIII.
1480 2877 1512 2902 19

1759 327 1831 356 864.

1744 864 1765 883 1.
1775 863 1835 884 Tim.
1846 865 1865 889 2,
1877 865 1898 885 4.

1743 916 1793 940 Vgl.
1801 916 1856 937 Luc.
1864 917 1899 942 23,
1905 917 1942 937 34.

1744 1023 1793 1047 vgl.
1801 1024 1867 1044 Rom.
1877 1023 1941 1047 8,32.

1740 1660 1939 1685 vgl.Matth.6,2⁹.
