2220 3192
353 283 425 313 860.

318 325 368 349 vm.
378 325 438 349 Epn.

326 353 346 376 ι,
356 352 392 372 22.
402 352 437 371 23.

301 937 356 957 Gen.
367 937 389 959 2,
399 936 434 955 24.

296 989 355 1013 Eph.
367 989 387 1013 ὅ,
399 989 433 1008 32.

299 1678 317 1697 1.
326 1677 375 1697 Cor.
387 1677 406 1700 7,
415 1678 435 1696 4.

458 203 520 232 100
1026 198 1210 225 HINKMAR
1230 197 1309 223 VON
1330 196 1449 222 REIMS
1472 196 1530 222 136.

450 293 560 324 ralitcr
578 292 684 324 omnis
701 290 832 322 ecclesia
853 298 971 330 corpus
990 286 1119 323 Christi,
1141 289 1178 316 ut
1203 285 1284 316 dicit
1301 284 1481 326 apostolus,
1501 287 1534 315 et
1553 283 1724 325 plenitudo
1743 283 1781 314 fit
1800 284 1880 321 eius,
1898 293 2016 316 verum
2034 284 2099 315 sin-

451 346 610 387 gillatimn
635 343 781 383 singulus
805 342 944 382 quisque
971 339 1074 370 fidelis
1101 333 1228 370 Christo
1254 337 1482 377 incorporatus
1509 336 1697 368 membrum
1722 336 1791 367 eius
1817 335 1972 368 efficitur.
2003 336 2099 369 Unde

451 402 584 430 sanctus
601 397 688 428 Beda
707 393 759 426 inb
775 393 892 425 omelia
909 390 1091 432 evangeliib
1107 389 1220 422 dicitl:
1246 393 1336 419 Namc
1353 392 1476 423 videtur,
1494 386 1673 430 inquiensd,
1694 393 1742 426 qui
1760 392 1926 426 baptizatur
1941 393 1971 419 in
1988 393 2099 420 fontem

450 453 626 482 descendere,
650 451 763 476 videtur
785 450 866 483 aquis
888 447 1034 482 intinguiss,
1058 446 1171 473 videtur
1192 446 1227 472 de
1250 447 1331 479 aquis
1353 445 1518 476 ascendere3
1541 445 1602 472 sola
1623 448 1721 472 autem
1743 445 1870 472 fidelium
1891 446 1984 479 pietas
2006 447 2097 478 novit,

451 507 516 540 quia
535 507 665 539 peccator
681 504 711 529 in
727 503 837 529 sontem
854 500 1010 531 descendit,
1028 500 1076 525 sed
1094 499 1260 534 purificatus
1278 498 1415 525 ascendit.
1433 498 1566 524 Ceterum
1583 498 1670 525 oculis
1687 499 1884 532 insipientium
1901 498 2015 525 videtur
2032 499 2099 526 talis

449 559 524 584 exire
543 558 577 582 de
597 557 684 586 fonte,
706 555 796 589 qualis
814 554 945 584 intravit,
964 547 1136 586 totumque‘
1153 552 1237 578 ludus
1255 560 1315 577 esse
1335 551 1412 585 quod
1431 551 1547 585 agitur¹.
1566 548 1610 579 Et
1629 548 1664 579 in
1681 548 1741 579 hac
1760 548 2024 590 desponsatione,
2043 549 2098 580 do-

449 607 574 638 tatione
593 609 693 646 atque
714 605 747 636 in
768 605 818 635 his
838 603 966 645 nuptiis
985 606 1098 634 totum
1119 601 1286 634 simulatio
1308 601 1383 638 fuit,
1406 612 1472 632 non
1491 602 1624 632 veritas.
1660 601 1836 643 Propterea
1858 601 1943 632 sicut
1964 605 2099 633 sanctus

450 661 512 691 Leo
522 663 535 681 g
547 659 607 689 deh
620 658 701 691 hish,
723 658 780 699 qui
801 656 942 686 formam2
956 662 1071 686 tautum
1087 658 1223 692 baptismi
1237 658 1297 683 sine
1312 656 1546 684 sanctificationis
1561 658 1669 684 virtute
1684 657 1909 695 susceperunt,
1924 654 2069 686 decernit
2080 657 2098 691 ¹,

450 717 487 744 ut
504 710 679 753 episcopali
696 713 934 740 confirmatione
952 709 1136 745 firmentur,
1155 709 1201 739 ita
1218 708 1314 738 haeck
1332 718 1398 738 non
1414 708 1557 748 coniugii
1574 707 1663 744 fides,
1683 707 1738 738 sed
1753 707 1974 748 copulationis
1991 708 2098 749 imago

449 764 661 797 ecclesiastica
684 763 866 795 sanctione¹
889 762 1035 794 solvatur
1056 765 1089 792 et
1111 761 1145 792 in
1164 772 1212 798 eo,
1232 761 1290 801 qui
1311 760 1436 801 indiget
1457 760 1672 792 ecclesiastica
1696 761 1868 798 medicina,
1891 764 2061 792 saneturm.

539 817 710 848 Ceterumu
735 816 762 847 si
786 816 876 853 haec,
900 825 985 857 quae
1011 814 1193 856 posuimus,
1220 813 1392 845 studiosis⁰
1417 812 1487 845 vel⁰
1517 814 1653 845 curiosis
1679 824 1890 855 nequaquam
1915 812 2098 851 sufficiunt,

447 881 611 913 apponere
628 870 733 901 adhuc
753 869 855 901 etiam
872 868 935 900 alia
954 874 1201 909 procuramusv.
1218 866 1276 898 Ait
1294 866 1384 898 enim
1401 866 1518 898 beatus
1534 867 1742 908 Augustinus
1760 867 1794 898 in
1813 866 1895 898 libro
1912 867 1953 898 de
1971 866 2100 908 nuptiis

448 928 480 956 et
500 921 802 965 concupiscentia32
823 922 992 959 ‘Relinquet
1013 920 1120 954 hom0’‚
1141 920 1322 961 inquiensu,
1344 919 1469 957 ‘patrem
1489 926 1520 949 et
1541 927 1678 950 matremr
1698 926 1729 949 et
1749 922 1898 949 adherebit
1917 923 2000 949 uxot-i
2020 931 2097 954 suae,

447 984 477 1007 et
493 982 578 1006 erunt
595 979 653 1006 duo
669 979 699 1005 in
718 987 801 1005 carne
819 975 901 1005 una’:
922 977 998 1012 quod
1015 973 1165 1011 ‘magnum
1182 973 1404 1003 sacramentum’
1424 976 1495 1003 dicit
1512 977 1659 1011 apostolus
1676 973 1718 1002 ‘in
1736 976 1848 1003 Christo
1865 979 1895 1003 et
1911 977 1941 1003 in
1959 973 2098 1003 ecclesia'.

453 1033 534 1065 Quod
549 1041 615 1066 ergo
629 1036 673 1058 est
689 1033 717 1058 in
733 1032 845 1058 Christo
859 1034 889 1057 et
903 1032 933 1057 in
948 1030 1065 1058 ecclesia
1081 1038 1226 1064 magnum,
1242 1030 1296 1056 hoc
1309 1030 1339 1055 in
1354 1029 1471 1063 singulis
1487 1029 1646 1064 quibusque
1662 1030 1730 1056 viris
1745 1032 1849 1064 atquefl
1864 1029 2002 1056 uxoribus
2018 1031 2100 1056 mini-

449 1095 537 1117 mum,
558 1085 608 1112 sed
628 1089 726 1112 tamen
748 1085 954 1111 coniunctionis
975 1083 1171 1118 inseparabilis
1193 1085 1414 1113 sacramentum.
1454 1082 1662 1122 Quapropter
1684 1079 1829 1121 legaliter
1850 1083 1884 1110 et
1906 1079 2100 1121 nuptialiter

447 1135 594 1178 copulati
613 1139 750 1176 excepta
769 1146 868 1166 causa
889 1134 1114 1165 fornicationis
1134 1133 1276 1174 separari
1296 1144 1362 1163 non
1382 1137 1522 1174 possunt
1541 1137 1574 1164 et
1592 1143 1691 1164 causa
1713 1133 1938 1164 fornicationis
1958 1133 2099 1174 separati

447 1193 507 1221 aut
524 1199 713 1230 permanere
729 1188 865 1229 innupti
880 1192 940 1219 aut
958 1190 1075 1218 mutuo
1091 1186 1212 1218 debent
1228 1185 1439 1223 reconciliari,
1457 1186 1542 1217 sicut
1559 1185 1743 1227 evangelica
1760 1189 1793 1217 et
1808 1185 1988 1227 apostolica
2005 1186 2100 1217 docet

447 1242 626 1274 auctoritas
649 1245 682 1273 et
700 1242 868 1273 Africanat
891 1240 1035 1282 synodus
1058 1239 1253 1271 diffiniviffl:
1279 1243 1399 1274 Placuit,
1424 1239 1604 1280 inquiensu,
1630 1246 1663 1269 ut
1682 1242 1839 1269 secundum
1857 1242 2051 1277 evangelicam
2068 1245 2100 1269 et

449 1299 634 1332 apostolicam
652 1298 833 1333 disciplinam
852 1306 942 1331 neque
962 1297 1096 1324 dimissus
1114 1296 1152 1322 ab
1170 1304 1258 1322 uxore
1277 1304 1369 1330 neque
1388 1296 1506 1322 dimissa
1520 1305 1537 1322 a
1552 1296 1655 1322 marito
1677 1295 1761 1322 alteri
1781 1296 2032 1329 coniunganturv‚
2049 1295 2099 1322 sed

448 1352 490 1378 ita
505 1354 641 1378 maneant
655 1355 707 1378 aut
721 1352 837 1378 sibimet
852 1351 1076 1378 reconcilientur.
1099 1350 1181 1381 Quod
1195 1350 1218 1376 si
1234 1350 1467 1383 contempserint,
1478 1349 1515 1376 ad
1530 1350 1738 1383 paenitentiam
1752 1349 1926 1383 redigantur.
1941 1345 2007 1377 Etw
2022 1346 2099 1386 quia

450 1413 531 1433 uxor
545 1412 564 1432 a
582 1402 698 1434 marito
713 1401 766 1432 vel
783 1401 921 1433 maritus
935 1399 976 1432 ab
994 1411 1094 1431 uxore
1110 1399 1171 1431 nisi
1181 1410 1280 1431 causa
1292 1399 1516 1430 fornicationis
1528 1410 1593 1430 non
1603 1398 1692 1430 valet
1704 1409 1809 1440 neque
1820 1398 1916 1430 debet
1925 1399 2099 1436 discedere,

449 1465 489 1486 ex
506 1455 565 1486 hac
585 1454 768 1496 evangelica
788 1458 821 1486 et
840 1453 1019 1495 apostolica
1038 1453 1186 1484 doctrina
1204 1452 1323 1484 beatus
1340 1453 1546 1493 Augustinus
1565 1453 1600 1483 in
1620 1452 1701 1484 libro
1721 1453 1828 1493 primo
1846 1452 1886 1483 de
1904 1451 2100 1483 adulterinis

448 1508 606 1548 coniugiis
624 1508 666 1539 ad
687 1507 887 1539 Pollentium
906 1507 1023 1539 dicit5:
1050 1510 1118 1541 Quis
1137 1513 1181 1536 est
1202 1510 1250 1543 qui
1270 1509 1357 1540 dicat,
1372 1509 1396 1535 si
1416 1508 1577 1535 discesserit
1598 1508 1697 1535 mulier
1716 1518 1734 1535 a
1753 1509 1815 1534 viro
1834 1517 1892 1534 non
1912 1508 2100 1539 fornicante,¹

449 1563 570 1598 innupta
585 1567 760 1598 permaneat,
776 1573 840 1591 cum
853 1565 879 1590 ei
893 1564 947 1590 nisi
961 1573 978 1590 a
993 1564 1054 1590 viro
1069 1563 1227 1590 fornicante
1241 1562 1384 1589 discedere
1399 1563 1515 1589 omnino
1529 1571 1587 1588 non
1600 1562 1706 1588 liceat?
1720 1558 1765 1589 Et
1779 1557 1896 1590 item⁸z
1913 1561 1996 1588 Hanc
2010 1561 2101 1587 solam

451 1626 570 1644 caueam
586 1617 780 1644 fornicationis
798 1618 891 1643 Deusy
909 1618 1043 1651 magister
1058 1617 1182 1650 excepit,
1207 1624 1272 1643 cum
1287 1615 1322 1642 de
1338 1615 1513 1642 dimittenda
1528 1616 1692 1649 loqueretur
1708 1623 1805 1646 uxore,
1822 1614 1959 1648 deditque
1974 1614 2100 1648 intellegi

450 1671 537 1697 talem
556 1670 677 1697 formam
695 1672 783 1697 etiam
803 1680 819 1697 a
839 1671 899 1696 viro
918 1679 977 1696 csse
997 1669 1178 1700 servandam,
1198 1670 1334 1704 quoniam
1347 1678 1405 1695 non
1419 1669 1512 1695 solum
1531 1665 1643 1695 ‘mulier
1661 1677 1719 1694 non
1738 1667 1827 1694 habet
1845 1670 2020 1703 potestatem
2040 1676 2099 1694 cor-

451 1725 525 1757 poris
543 1724 595 1754 sui,
610 1723 659 1749 sed
674 1721 736 1755 vir’,
752 1724 801 1750 sed
817 1721 956 1750 ‘similiter
973 1727 1004 1749 et
1019 1724 1061 1749 vir
1076 1732 1133 1749 non
1147 1723 1236 1749 habet
1254 1726 1429 1756 potestatem
1448 1723 1572 1756 corporis
1590 1722 1642 1753 sui,
1661 1721 1711 1747 sed
1730 1717 1848 1747 mulier’.
1867 1718 1912 1749 Et
1926 1721 2098 1759 propterea

452 1775 513 1804 nisi
534 1784 573 1804 ex
593 1775 763 1805 communi
784 1784 943 1805 consensu
966 1785 1031 1804 non
1052 1773 1165 1805 valent
1186 1773 1288 1804 etiam
1309 1776 1441 1814 propter
1460 1772 1704 1803 continentiam
1724 1771 1877 1812 separari,
1899 1771 1978 1802 adeo
2001 1774 2049 1808 ut,
2072 1770 2099 1802 si

450 1827 500 1857 vir
519 1830 632 1857 contra
652 1827 862 1859 voluntatem
884 1827 1028 1858 mulieris
1047 1836 1223 1858 conversus
1242 1826 1420 1857 tondeatur
1439 1829 1500 1857 aut
1522 1824 1638 1856 mulier
1658 1825 1727 1856 sine
1746 1823 1921 1855 voluntate
1940 1823 2002 1855 viri
2022 1834 2098 1855 con-

450 1890 542 1911 versa
561 1879 698 1918 veletur,
721 1880 848 1912 mulieri
866 1881 916 1911 vir
935 1880 988 1911 vel
1006 1880 1076 1911 viro
1099 1879 1214 1923 mulier
1233 1890 1251 1910 a
1272 1882 1384 1910 sancto
1407 1878 1558 1920 Gregorio
1578 1878 1613 1909 in
1632 1876 1772 1919 epistola
1791 1877 1833 1909 acl
1853 1876 2098 1909 Secundinumz

453 1932 762 1965 Taurominitanum
783 1933 997 1975 episcopum⁷
1015 1937 1048 1964 et
1067 1933 1101 1964 in
1120 1932 1258 1974 epistola
1276 1933 1318 1963 ad
1331 1932 1516 1963 Adrianum
1531 1931 1706 1963 Panormia
1720 1930 1929 1962 notariumass
1946 1929 2098 1961 iubeatur

452 1986 591 2017 restitui.
608 1984 642 2016 Si
656 1991 770 2018 autem
785 1998 825 2018 ex
839 1987 1010 2018 communi
1024 1997 1184 2017 consensu
1207 1997 1239 2017 se
1257 1989 1384 2017 mutare
1400 1985 1628 2026 promiserintb
1644 1988 1677 2015 et
1691 1983 1830 2025 quilibet
1845 1994 1960 2015 eorum
1975 1993 2006 2013 se
2023 1983 2098 2015 inde

452 2038 634 2075 retraxerit,
658 2040 699 2070 ad
722 2040 968 2071 conversionem
992 2050 1091 2071 suum
1115 2039 1206 2080 sequi
1231 2049 1344 2080 parem
1368 2038 1579 2079 praecipitur.
1605 2037 1710 2069 Causa
1734 2041 1849 2068 autem
1874 2037 2099 2068 fornicationis

451 2091 501 2122 vir
520 2095 579 2122 aut
601 2091 716 2123 mulier
735 2092 775 2123 ab
796 2093 936 2124 invicem
955 2093 1157 2124 discedentes
1177 2095 1311 2133 propter
1330 2094 1578 2123 sacramentum
1598 2090 1757 2131 nuptialis
1775 2090 2018 2121 coniunctionis
2037 2094 2097 2120 aut

453 2144 598 2185 innupti,
625 2155 794 2186 quousque
821 2146 903 2177 alter
930 2157 1043 2177 eorum
1072 2146 1242 2183 moriatur,
1273 2144 1454 2176 manebunt
1480 2148 1540 2175 aut
1568 2143 1630 2175 sibi
1657 2143 1855 2175 reconciliari
1881 2143 2095 2174 studebuntw.

537 2262 561 2289 8ι)
581 2260 711 2291 sigillatim
732 2261 760 2287 O,
783 2261 813 2284 D.
914 2260 938 2291 b)
959 2263 984 2285 in
999 2262 1164 2293 —evangelii
1186 2261 1244 2292 fehlt
1263 2261 1296 2285 D.
1397 2263 1420 2290 c)
1437 2260 1508 2284 Fehlt
1526 2260 1559 2284 D.
1654 2258 1679 2289 (¹)
1696 2259 1768 2283 Fehlt
1786 2259 1818 2283 D.
1913 2260 1937 2288 εθ)
1956 2259 2049 2289 intingi
2068 2258 2097 2282 C.

455 2302 474 2333 ¹)
493 2307 630 2334 totumque
644 2318 673 2321 —
684 2306 768 2335 agitur
786 2305 843 2334 fehlt
862 2306 894 2329 D.
991 2308 1014 2336 g)
1033 2306 1096 2330 Hier
1114 2309 1241 2337 :uqesetzt:
1259 2306 1373 2330 decernit
1391 2305 1424 2329 D,
1525 2304 1549 2334 ι1)
1571 2300 1725 2334 Uberqeschr.
1744 2303 1776 2327 D.
1871 2301 1890 2333 ¹)
1906 2303 1977 2327 Fehrlt
1994 2302 2047 2326 hier
2064 2303 2097 2326 D.

457 2347 481 2377 k)
501 2349 547 2372 hnc
566 2348 594 2372 O.
679 2347 697 2378 l)
715 2349 780 2372 Vcrb.
798 2357 844 2372 αι’-ς
862 2351 1009 2374 Ξυίιυςὶὶυυρ
1024 2350 1059 2378 Β,·
1076 2351 1208 2377 iunctione
1223 2350 1252 2377 Ο,
1268 2350 1344 2374 Sirm.
1430 2351 1463 2379 ¹¹³¹)
1478 2349 1572 2380 Schluss
1588 2349 1629 2373 des
1646 2348 1734 2372 Teoetes
1749 2348 1777 2371 in
1793 2348 1821 2372 G.
1907 2350 1932 2378 n)
1948 2347 1980 2371 A.
1999 2347 2030 2370 R.
2046 2350 2095 2370 rot:

456 2393 519 2416 Vlll
534 2393 563 2416 Β.
648 2395 671 2422 ⁰)
686 2393 755 2417 Fame
767 2394 798 2416 Ι).
884 2396 907 2423 ῐ·)
924 2395 957 2419 A.
969 2394 1123 2419 lea-onam.
1134 2395 1224 2419 Hand:
1242 2395 1319 2418 Certa
1335 2402 1375 2418 res
1392 2394 1424 2418 de
1433 2394 1615 2418 conjunctione
1629 2393 1660 2416 B.
1744 2394 1768 2423 q)
1785 2392 1855 2416 Fehzt
1866 2391 1899 2416 D.
1984 2393 2006 2421 1“)
2024 2398 2099 2415 suam

455 2437 566 2467 :uqeliiyt
583 2437 615 2460 D.
701 2440 721 2467 Β)
739 2441 765 2461 ct
778 2438 810 2461 D.
897 2437 915 2467 ¹)
934 2438 1065 2462 Affricana
1075 2439 1107 2463 D.
1193 2441 1218 2469 ¹¹)
1234 2439 1304 2463 Fehlt
1315 2439 1346 2462 D.
1432 2440 1458 2468 V)
1475 2439 1646 2469 coniungatur
1656 2436 1733 2461 Sirm.
1820 2439 1847 2466 w)
1866 2436 1900 2460 Et
1913 2450 1943 2453 —
1953 2435 2098 2460 studebunt

457 2482 545 2511 (umen
568 2480 596 2504 Z.
608 2481 655 2510 36)
678 2482 834 2511 aachlasscn
851 2482 883 2505 D.
992 2484 1016 2513 x)
1042 2486 1071 2506 ut
1096 2483 1218 2513 einyejziyt
1242 2483 1318 2507 Sirm.
1424 2485 1448 2513 Y)
1475 2483 1602 2506 Dominus
1620 2481 1698 2505 sirm.
1805 2482 1826 2510 Ζ)
1854 2480 2002 2505 Secundum
2020 2479 2099 2504 Sirm.

455 2527 478 2555 a)
498 2526 711 2549 Pancrmitanum
730 2525 806 2549 Sirm.
877 2525 900 2555 b)
919 2527 1080 2557 permiserint
1096 2527 1173 2551 Sirm.

548 2614 572 2644 l)
596 2613 682 2638 Bedae
703 2613 733 2638 in
752 2622 772 2637 s.
788 2613 903 2638 lohann.
924 2622 1015 2645 eva'nq.
1037 2615 1149 2646 exposit.
1170 2623 1191 2640 c.
1205 2615 1230 2642 3,
1252 2615 1347 2647 illique
1366 2614 1411 2645 93,
1428 2614 1505 2646 668j.
1601 2614 1627 2644 2)
1646 2613 1702 2646 Vql.
1724 2613 1814 2638 Codex
1835 2621 1969 2638 canonum
1994 2611 2095 2644 (1609)

456 2658 484 2681 S.
498 2657 549 2682 476
570 2665 590 2682 c.
605 2657 651 2686 21&
673 2657 824 2682 Hinschins
845 2657 873 2681 S.
887 2657 937 2682 621
959 2666 980 2683 c⁴
1002 2658 1016 2682 7
1039 2658 1135 2690 (J.-K.
1153 2659 1231 2691 536).
1336 2660 1363 2690 3)
1384 2659 1410 2689 Ι,
1431 2659 1475 2689 23,
1497 2658 1577 2691 Corp.
1597 2657 1708 2684 Vindob.
1731 2657 1774 2685 42,
1793 2657 1854 2682 236.
1957 2657 1985 2688 4)
2007 2655 2098 2681 Codex

455 2709 590 2726 (turonum
606 2701 707 2733 (1609)
723 2701 751 2726 S.
765 2701 817 2726 257
830 2709 851 2726 c.
866 2702 912 2730 (}9;
928 2701 1080 2726 liin-samias
1093 2701 1121 2726 S.
1135 2703 1187 2727 318
1200 2711 1221 2728 c.
1236 2704 1277 2728 17.
1373 2704 1400 2734 5)
1422 2703 1446 2731 l,
1459 2703 1484 2733 3,
1500 2702 1580 2735 (ἴση).
1594 2701 1705 2728 Vindob.
1722 2701 1765 2731 41,
1780 2701 1840 2726 350.
1936 2701 1965 2732 6)
1987 2699 2098 2726 Ebenda

456 2745 481 2773 Ι,
496 2746 521 2774 5,
537 2745 740 2778 Corp.1'imlob.
757 2746 799 2773 41,
814 2745 891 2777 351s.
994 2747 1021 2776 7)
1042 2746 1097 2777 I'qz.
1116 2746 1177 2778 Rey.
1194 2747 1248 2776 IX,
1263 2747 1289 2776 3,
1305 2747 1368 2772 ΜΘ,
1383 2747 1471 2780 Epist.
1488 2746 1531 2776 II,
1549 2746 1583 2771 42
1602 2745 1778 2779 (J.-E.1527
1800 2765 1804 2770 .
1906 2746 1934 2776 8)
1957 2744 2014 2777 1791.
2034 2743 2096 2776 Rey.

457 2789 511 2816 XI,
529 2789 571 2819 30,
590 2789 653 2815 MG.
672 2789 759 2822 Epist.
778 2789 820 2819 ΙΙ,
838 2789 914 2821 3001.
936 2789 1138 2822 (J.-E.]1s¹20).
1167 2790 1194 2815 S.
1212 2791 1281 2815 auch
1297 2791 1362 2816 oben
1378 2791 1406 2816 S.
1420 2791 1455 2816 94
1471 2791 1501 2816 Ζ,
1516 2790 1586 2824 15ᾒ.

2128 771 2154 792 10

2128 1037 2204 1063 15

2127 1303 2154 1323 2⁰

2127 1569 2154 1589 25

2125 1835 2205 1863 ³0,

2125 2100 2152 2121 ³5

2124 2397 2152 2417 40
2196 2397 2199 2414 ε

2123 2665 2150 2686 45
