2220 3192
368 314 441 345 865.

318 750 355 769 1011
368 750 403 772 35⁴,
413 751 447 769 13.

317 1492 352 1512 ΡΒ.
365 1492 400 1515 93,
412 1492 444 1510 10.

252 1527 300 1551 Vgli
310 1527 426 1558 Exogme,
436 1528 445 1546 1

320 1559 341 1573 U.
354 1560 374 1574 0.

305 1811 339 1830 rs.
353 1811 401 1835 103,
414 1812 447 1830 16.

287 2028 292 2035 ’
303 2023 337 2042 Ps.
352 2023 401 2045 103,
414 2024 447 2042 17.

473 222 528 249 171)
1033 217 1220 243 HINKMAR
1240 218 1317 244 VON
1338 219 1457 245 REIMS
1480 220 1539 245 172».

467 315 546 341 celsis
566 316 595 339 et
615 313 711 339 arduis
732 311 879 337 arboribus
900 310 982 336 nidos
1002 310 1093 336 facere
1115 311 1300 339 consueverit.
1333 311 1415 337 Unde
1435 314 1465 337 et
1484 314 1563 337 sexta
1585 311 1673 337 editio
1696 310 1872 336 manifestius
1898 311 2104 345 interpretatass

464 370 519 393 est:
548 366 633 391 Milvo
651 364 791 398 cypressilJ
816 364 851 390 ad
876 363 1088 389 nidificandum.
1118 364 1171 389 Pro
1189 363 1331 390 abietibus
1347 366 1444 390 autem
1460 368 1490 390 et
1506 365 1644 398 cypressis
1660 365 1688 389 in
1707 363 1819 390 Hebreo
1837 364 1952 397 ponitur
1969 364 2103 398 barysim,

465 420 538 454 quod
560 419 647 451 magis
667 418 775 444 abietes
796 425 881 450 quam
903 424 1049 450 cypressos
1069 417 1217 450 significat.

552 468 594 498 Et
616 467 693 508 quia
714 467 779 497 duo
802 470 892 503 sunt,
915 466 1001 497 sieut
1022 466 1114 497 vobis
1137 470 1217 497 tunc
1240 466 1320 503 dixi,
1343 466 1549 497 herodiorum
1571 473 1715 507 genera⁰‚
1738 466 1968 497 demonstrant
1988 466 2104 498 beatus

464 520 693 553 Hieronimus1
716 523 815 560 atque
840 523 974 550 sanctus
1000 519 1201 561 Gregorius?
1236 519 1350 551 Unum
1373 520 1524 551 videlicet
1550 519 1665 556 maius,
1690 519 1779 560 quod
1804 523 1912 550 111111οΰ
1935 530 1976 550 ex
1999 519 2104 551 verbis
2130 529 2140 547 f

462 574 625 605 fisicorum
645 573 784 610 ostendi,
800 573 838 603 de
859 583 924 613 quo
946 576 979 604 et
999 573 1115 604 beatus
1132 573 1343 605 Hieronimus
1364 573 1399 604 111
1419 573 1623 615 expositione
1644 572 1742 603 huius
1762 583 1875 603 versus
1895 572 2010 604 dicit³:
2033 576 2104 608 Illic,

463 627 622 668 inquiens,
644 638 769 664 passeres
793 629 991 660 nidificabunt,
1016 631 1158 664 sapientes
1182 630 1394 656 aedificabunt
1417 626 1550 663 herodii.
1576 626 1635 657 hoc
1660 629 1710 656 esi]
1732 625 1897 656 ‘herodiuse
1920 629 2022 656 domus
2045 630 2104 656 dux

462 686 504 710 est
518 680 638 710 eorum'.
664 683 754 709 Maior
770 685 814 708 est
827 680 916 710 0111111
930 683 1082 709 omnium¹
1097 683 1279 711 volatilium.
1295 683 1343 717 qui
1360 684 1485 717 aquilam
1501 683 1591 709 vincit
1606 685 1636 709 ct
1654 683 1786 709 comedit.
1813 679 1965 711 Alterum
1984 679 2103 717 minus,

462 734 520 764 dess
539 743 604 774 quo
625 737 675 764 est
695 733 730 764 in
751 732 831 764 libro
847 733 905 764 Iob
925 733 1102 774 scriptum:
1123 732 1268 765 ‘Pennah
1288 733 1462 764 strueionis
1483 732 1598 764 similis
1619 736 1669 763 est
1690 733 1806 774 pennis
1826 732 1949 764 herodii
1969 737 2003 764 et
2023 733 2104 764 acci-

463 786 578 828 pitris'.
596 786 689 818 Unde
707 786 823 817 beatus
840 786 921 817 dicit
932 785 1139 828 Gregorius&
1167 790 1234 821 Quis
1252 790 1399 816 herodium
1417 793 1447 816 et
1464 790 1628 823 accipitrem
1646 790 1754 816 nesciat
1772 797 1839 816 aves
1856 790 1978 823 reliquas
1997 793 2105 823 quanta

462 843 575 869 volatus
603 844 646 869 sui
675 843 827 869 velocitate
848 843 1073 870 transcendant?
1098 844 1209 870 Strucio
1231 852 1297 869 vero
1318 852 1427 877 pennae
1448 852 1545 869 eorum
1565 842 1782 868 similitudinem
1803 843 1900 874 habet,
1921 843 1971 869 sed
1992 843 2106 869 volatus

461 905 559 923 corum
575 896 749 923 celeritatem
765 905 823 923 non
838 897 932 923 habet.
950 897 975 922 A
991 899 1066 923 terra
1082 897 1186 930 quippe
1201 897 1306 923 elevari
1322 905 1379 922 non
1394 897 1472 923 valet
1486 899 1516 922 et
1531 896 1591 923 alas
1608 896 1688 930 quasi
1704 895 1753 922 adi
1769 896 1899 922 volatum
1915 897 2007 930 specie
2022 899 2106 923 tenus

460 951 552 984 en'git,
572 950 621 975 sed
641 952 739 976 tamen
759 959 917 984 numquam
936 958 965 976 se
986 960 1003 976 a
1022 953 1099 976 terra
1118 950 1241 976 volando
1262 950 1417 983 suspendit.
1449 946 1493 977 Et
1513 946 1629 977 itemss:
1652 950 1803 983 Accipitris
1824 950 1928 983 quippe
1948 952 1979 976 et
1998 950 2105 976 herodii

461 1012 552 1037 parva.
563 1006 631 1029 sunt
646 1012 772 1037 corpora,
786 1003 834 1030 sed
849 1004 949 1037 pennis
962 1003 1139 1030 densioribus
1151 1003 1252 1033 fulta&
1267 1006 1297 1029 et
1309 1003 1413 1030 idcirco
1428 1011 1492 1029 cum
1507 1003 1652 1029 celeritate
1666 1003 1855 1034 transvolant,
1871 1004 1938 1037 quia
1951 1004 1991 1029 eis
2004 1012 2105 1037 pamm

461 1058 535 1083 inest
554 1056 629 1090 quod
647 1057 797 1090 adgravat,
817 1057 939 1082 multum
958 1057 1034 1090 quod
1051 1057 1137 1083 levat.
1167 1057 1207 1082 At
1224 1059 1324 1084 contra
1341 1057 1445 1082 strutio
1463 1057 1533 1082 raris
1552 1056 1651 1090 pennis
1668 1056 1799 1083 induitur
1815 1059 1846 1082 et
1862 1057 1971 1083 inmani
1991 1065 2105 1091 corpore

460 1113 606 1144 gravatur,
617 1112 659 1141 ut,
670 1110 724 1136 etsi
739 1110 834 1136 volare
849 1112 978 1144 appetat,
993 1111 1055 1144 ipsa
1070 1112 1228 1144 pennarum
1243 1111 1373 1143 paucitas
1390 1110 1491 1136 molem
1507 1110 1581 1136 tanti
1598 1110 1722 1143 corporis
1736 1111 1766 1136 in
1781 1118 1853 1136 aere
1868 1118 1926 1136 non
1940 1110 2103 1144 suspendat.

461 1164 539 1190 Haec
560 1172 672 1197 quoque
692 1164 754 1197 ipsa
773 1164 923 1190 strutiom's
941 1172 1035 1197 penna
1055 1164 1091 1190 ad
1112 1171 1219 1197 pennas
1239 1163 1346 1189 herodii
1366 1165 1396 1189 et
1415 1163 1558 1196 accipitris
1577 1163 1795 1189 similitudinem
1815 1163 1914 1189 coloris
1933 1163 2030 1194 habet,
2050 1164 2104 1189 vir-

460 1217 532 1242 tutis
548 1225 614 1242 vero
630 1217 847 1242 similitudinem
862 1225 919 1243 non
935 1217 1030 1243 habet.
1058 1217 1176 1243 Illorum
1191 1225 1314 1250 namque
1331 1216 1478 1243 conclusae
1493 1219 1524 1242 et
1539 1217 1676 1243 firmiores
1691 1219 1760 1242 sunt
1774 1219 1804 1242 et
1819 1216 1919 1243 volatu
1935 1225 2029 1243 aerem
2045 1225 2104 1250 pre-

461 1279 536 1296 mere
553 1271 661 1296 virtute
678 1278 745 1296 suae
762 1270 915 1297 soliditatis
930 1270 1071 1304 possuntl.
1098 1271 1137 1295 At
1154 1273 1253 1296 contra
1270 1270 1418 1296 strutionis
1436 1278 1545 1303 pennae
1562 1270 1744 1296 dissolutaem
1761 1274 1813 1296 eon
1830 1270 1978 1296 volatumo
1995 1278 2105 1296 sumere

460 1325 616 1357 nequeunt,
639 1331 694 1357 quo
716 1323 753 1349 ab
774 1324 846 1357 ipso,
869 1332 954 1357 quem
976 1332 1101 1357 premere
1123 1323 1290 1353 debuerant,
1313 1332 1376 1349 aere
1398 1323 1646 1349 transcenduntur.

551 1373 661 1404 Haec!³
676 1373 771 1403 iuxta
786 1373 932 1404 litteram
946 1374 984 1404 de
1000 1373 1099 1405 fulica
1113 1377 1147 1404 et
1161 1373 1367 1404 herodiorum
1381 1373 1552 1413 generibus
1566 1383 1608 1404 ex
1625 1383 1820 1413 magnorum
1835 1373 1965 1414 scriptis
1979 1376 2104 1404 vestrae

459 1425 677 1457 dominationi
699 1426 881 1457 secundum
902 1426 1081 1458 iussionem
1102 1430 1247 1458 vestram
1269 1426 1405 1458 scribere
1427 1427 1551 1457 studui.
1586 1426 1758 1458 Ceterum‘¹
1779 1426 1857 1468 quia
1882 1437 1939 1457 1100
1960 1436 2018 1457 vos
2040 1426 2105 1457 ius-

461 1479 547 1510 sistis
570 1490 627 1510 nec
649 1479 801 1520 indigetis
820 1490 919 1520 quem
937 1479 1099 1511 Dominus
1118 1480 1222 1517 docet,
1241 1479 1311 1521 ‘qui
1330 1480 1424 1511 docet
1445 1479 1613 1511 hominem
1633 1479 1816 1511 scientiam'
1831 1483 1865 1510 et
1885 1491 1905 1511 a
1925 1479 2019 1510 cuius
2041 1483 2106 1510 est¹

463 1533 560 1564 facier
579 1532 741 1574 sapientia
760 1537 794 1564 et
812 1532 1009 1570 intellectus,
1030 1533 1126 1564 iuxta
1145 1533 1282 1574 tipicam
1301 1532 1354 1564 vel
1374 1532 1529 1564 moralem
1550 1532 1820 1574 intellegentiam,
1839 1544 1923 1574 quae
1943 1533 2036 1564 hinc⁸
2054 1543 2104 1564 ca-

460 1585 572 1618 tholici
593 1587 740 1617 doctores
763 1590 1000 1623 tractaverunt,
1023 1586 1115 1617 vobis
1137 1585 1237 1618 latius
1260 1586 1395 1617 scribere
1419 1597 1484 1617 non
1508 1586 1724 1628 praesumpsi,
1750 1597 1789 1618 ne
1812 1585 2004 1618 referreturt
2027 1586 2105 1617 mihi

460 1639 541 1672 illud
565 1640 745 1680 poeticum:
1565 1676 1570 1680 Ι

908 1674 958 1705 Tu
981 1675 1041 1704 1106
1065 1675 1147 1706 forte
1170 1679 1244 1704 feras
1266 1679 1296 1704 in
1319 1679 1419 1705 silvam
1442 1679 1516 1712 ligna
1540 1679 1656 1706 Viator.

551 1745 613 1776 Sed
635 1757 674 1776 110
696 1746 731 1776 111
751 1749 864 1776 totum
886 1746 1076 1787 praeterisse
1100 1746 1277 1786 mysticum
1298 1756 1431 1777 sensum
1451 1746 1586 1783 viderer,
1607 1746 1771 1787 quaedam
1793 1746 1905 1788 potius
1926 1746 2105 1787 significare

461 1809 563 1840 quam
587 1809 749 1840 exponere
774 1798 918 1830 00001117.
954 1798 1238 1835 ‘Saturabuntur'‚
1263 1799 1373 1840 inquit
1398 1798 1554 1840 psalmus,
1578 1798 1680 1840 ‘ligna
1703 1800 1838 1841 campi’,
1864 1800 1897 1831 id
1921 1803 1972 1830 est
1997 1798 2105 1841 plebes

461 1851 670 1893 populorum,
688 1852 792 1893 gratia
809 1851 961 1893 spiritali,
978 1852 1025 1883 ‘et
1039 1853 1147 1884 caedri
1164 1852 1304 1889 Libani',
1323 1852 1356 1883 id
1372 1856 1422 1883 est
1439 1851 1561 1884 nobiles
1577 1857 1677 1894 atque
1695 1852 1850 1885 sublimes
1870 1852 1995 1889 mundi,
2012 1853 2106 1894 ‘quas
2131 1865 2144 1884 3

459 1906 621 1936 Dominus
640 1905 827 1947 plantavit’,
846 1906 903 1947 qui
920 1906 1023 1937 etiam
1040 1906 1079 1937 de
1096 1905 1255 1937 divitibus
1273 1910 1306 1936 et
1323 1905 1518 1937 inlustribus
1539 1905 1660 1938 multos
1678 1906 1881 1944 justificavit,
1900 1907 1957 1948 qui
1974 1901 2105 1938 dicunt:

462 1959 534 2000 Ipse
550 1959 626 1990 fecit
641 1970 698 1990 nos
712 1963 745 1990 et
760 1970 826 1990 non
839 1959 902 2000 ipsi
917 1970 986 1996 nos,
997 1959 1074 2000 quia
1089 1960 1174 1990 sicut
1189 1970 1246 1990 nos
1259 1959 1407 1990 homines
1420 1962 1454 1990 et
1467 1959 1631 1997 inlustres,
1647 1960 1714 1991 itan
1729 1959 1942 1992 nihilominus
1955 1963 1989 1991 et
2002 1959 2106 1991 iustos

464 2012 550 2043 fecit.
579 2012 663 2044 ‘Ilhc
683 2023 825 2053 passeres
845 2012 1085 2049 nidificabunt’,
1104 2012 1227 2045 scilicet
1245 2012 1280 2043 in
1298 2013 1368 2044 istis
1386 2013 1508 2043 caedris
1528 2012 1654 2050 Libani,
1674 2024 1756 2054 quas
1773 2014 1878 2054 gratia
1895 2013 1955 2044 Dei
1974 2012 2105 2054 plantat

460 2069 493 2096 et
514 2066 625 2103 satiat,
656 2066 873 2097 nidificabunt
901 2077 1055 2107 passeres,
1078 2066 1111 2097 hi
1132 2065 1293 2102 videlicet,
1315 2066 1373 2107 qui
1393 2065 1559 2107 elegerunt
1580 2065 1805 2098 humilitatem
1826 2071 1860 2098 et
1881 2066 2001 2098 relictis
2022 2077 2105 2107 quae

460 2118 624 2150 habebant
645 2123 705 2150 aut
726 2120 868 2151 venditis
892 2119 972 2150 nihil
994 2119 1055 2151 sibi
1077 2120 1112 2150 in
1133 2119 1192 2150 hoc
1215 2119 1342 2151 saeculo
1364 2123 1581 2156 reservarunt,
1604 2120 1658 2151 sed
1680 2120 1824 2151 divitum
1847 2120 2106 2152 Christianorum

460 2172 612 2203 domibus
625 2173 773 2213 agrisque
789 2173 948 2214 susceptis
972 2173 1156 2204 necessariis
1178 2173 1303 2204 solaciis
1324 2172 1534 2204 adiuvantur.
1569 2173 1633 2210 Qui
1648 2177 1761 2204 tamen
1776 2173 1852 2205 licet
1866 2173 1901 2204 in
1915 2173 2106 2204 caedrorum

460 2225 635 2256 altitudine
646 2227 860 2267 requiescant,
874 2237 939 2257 non
952 2227 1031 2267 ipsis
1041 2227 1163 2257 caedris
1173 2226 1311 2257 ducibus
1323 2229 1474 2263 utuntur,
1485 2227 1540 2257 sed
1550 2226 1667 2257 domus
1675 2234 1690 2247 v
1701 2226 1823 2258 herodii
1836 2227 1905 2258 dux
1918 2230 1968 2258 est
1980 2237 2104 2258 eorum.

463 2278 624 2309 Herodius
639 2279 727 2310 enim
745 2280 873 2310 maioris
887 2280 1022 2320 generis,
1040 2283 1077 2310 ut
1090 2279 1196 2310 verbis
1213 2279 1395 2311 Hieronimj
1411 2279 1556 2310 diximus
1564 2279 1588 2316 Β,
1608 2284 1697 2310 maior
1713 2286 1757 2309 est
1773 2284 1910 2309 omnium
1927 2283 2105 2314 volatilium,

555 2387 578 2412 ³)
598 2386 800 2416 interpraetatus
816 2386 846 2409 B.
933 2385 957 2415 b)
976 2376 1112 2418 cupressus
1125 2387 1202 2410 Sirm.
1292 2389 1315 2415 c)
1334 2386 1439 2410 szach
1451 2388 1467 2411 52
1481 2385 1581 2410 Bushst.
1594 2386 1656 2411 rad..
1671 2386 1790 2410 wielleichl
1802 2394 1848 2409 aas
1861 2390 1985 2417 generant
1998 2386 2059 2410 verb.
2074 2387 2104 2410 B.

465 2428 489 2458 ¹¹)
508 2430 591 2452 Dnror
602 2431 613 2452 I
626 2430 726 2453 Bursa-1.
736 2430 792 2453 ader
801 2430 886 2460 Sclmsl
902 2431 955 2454 rad.
968 2431 997 2454 B.
1075 2434 1098 2461 e)
1117 2432 1151 2455 So
1163 2432 1193 2456 Β,
1203 2431 1295 2458 Sirm.,·
1304 2431 1365 2454 wohl
1373 2433 1430 2454 state
1438 2430 1544 2455 herodii.
1613 2429 1633 2460 s)
1651 2431 1777 2454 ominium
1789 2431 1819 2454 B.
1897 2433 1920 2461 S)
1938 2431 1993 2461 „ius
2003 2431 2063 2454 Rae.
2074 2431 2105 2454 B.

464 2472 488 2502 ᾖ)
508 2473 610 2496 Duum-h
624 2475 636 2497 1
651 2474 751 2497 Bnehst.
768 2488 795 2490 —
810 2474 870 2497 wohl
883 2483 894 2496 s
910 2489 938 2491 —
951 2475 1004 2498 rad.
1021 2475 1047 2498 B.
1132 2473 1152 2505 i)
1174 2471 1329 2505 Uberye-sclzr.
1343 2475 1373 2499 B.
1457 2473 1483 2504 k)
1501 2474 1604 2498 Danach
1618 2476 1682 2498 1-2
1691 2475 1791 2498 Buclzst.
1804 2475 1857 2498 md.
1873 2475 1903 2499 B.
1990 2474 2009 2504 l)
2030 2470 2103 2498 Uber.

462 2517 552 2547 qcschr.
575 2518 605 2540 B.
692 2520 725 2547 1η)
744 2518 792 2541 ‹lis-
814 2518 962 2548 'liberm-sehr.
978 2519 1008 2542 R.
1097 2522 1122 2548 ῃ)
1140 2523 1166 2542 ct
1186 2520 1264 2543 Sirm.
1351 2521 1375 2549 ⁰)
1394 2519 1513 2543 volutum
1528 2519 1558 2542 B.
1647 2520 1671 2548 Ρ)
1690 2520 1748 2542 hine
1768 2519 1845 2542 S'irm.
1931 2521 1956 2549 (1)
1975 2522 2104 2543 cac-terum

465 2562 578 2591 (hrinfiy)
601 2562 630 2584 B.
716 2565 738 2591 ¹)
756 2562 820 2585 ssu-ic
849 2566 886 2586 est
907 2563 983 2586 Sirm.
1071 2565 1092 2593 S)
1112 2572 1128 2587 11
1147 2563 1296 2594 ’ἰὶὸρνῃωςῆη
1318 2564 1348 2586 Β.
1435 2562 1454 2593 t)
1473 2563 1556 2586 E'rsias
1574 2571 1610 2585 rc<
1631 2562 1780 2593 ilbergyrsvhr.
1802 2563 1832 2587 B.
1920 2566 1945 2593 u)
1963 2564 2046 2587 Davor
2064 2572 2103 2586 ow

462 2606 607 2629 Zrilencndc
628 2607 662 2628 ita
682 2606 744 2629 nihil
764 2606 944 2631 dw‘chstrichen
967 2608 997 2630 B.
1084 2610 1108 2636 v)
1128 2608 1218 2630 domos
1239 2608 1269 2631 B.

547 2686 571 2715 1)
591 2684 644 2716 Vql.
657 2688 736 2709 valen
754 2685 784 2709 Z.
797 2685 849 2718 Off
862 2685 919 2710 wal
929 2686 963 2711 A.
976 2686 991 2710 3
1003 2686 1084 2711 sowic
1100 2689 1237 2711 comment.
1257 2686 1285 2711 iv
1298 2686 1346 2711 Iob
1365 2695 1386 2711 c.
1399 2685 1442 2716 59,
1454 2686 1549 2718 Musque
1559 2685 1603 2716 26,
1616 2686 1674 2711 772.
1774 2686 1802 2718 2)
1821 2686 1875 2719 Vyl.
1893 2690 1976 2712 umen
1989 2686 2019 2711 Z.
2034 2687 2067 2712 10
2074 2686 2103 2719 ff.
2146 2692 2153 2695 ’

464 2728 522 2754 ‘und
537 2729 571 2753 A.
585 2729 608 2753 4.
627 2729 651 2753 5.
754 2730 781 2760 3)
804 2729 924 2754 Brevior.
942 2730 970 2754 in
988 2730 1085 2762 psalm.
1104 2731 1165 2760 103,
1183 2731 1280 2763 Miqnc
1295 2731 1338 2761 26,
1356 2730 1433 2756 1133.
1536 2730 1564 2761 4)
1585 2730 1685 2755 Moral.
1702 2730 1747 2755 lib.
1765 2731 1809 2760 31,
1826 2731 1851 2760 8,
1869 2731 1965 2764 Miqne
1983 2731 2025 2760 76,
2041 2731 2102 2756 <578-

464 2774 491 2803 5)
513 2773 547 2797 A.
561 2781 585 2797 a.
597 2774 627 2797 ί).
647 2773 690 2803 76,
706 2773 767 2798 579.
873 2774 901 2805 6)
918 2773 974 2806 V9l.
993 2774 1088 2799 Horat.
1107 2774 1164 2799 Sal.
1183 2775 1208 2805 1,
1220 2775 1264 2801 10.
1275 2774 1317 2800 34.
1422 2775 1450 2805 7)
1473 2773 1528 2806 Vql.
1551 2782 1610 2798 :um
1633 2774 1773 2806 folqendenn
1795 2775 1942 2807 Auyuslin.
1966 2783 2052 2799 enarr.
2074 2775 2102 2799 in

465 2816 560 2849 psalm.
580 2817 640 2847 103,
664 2817 760 2848 Miync
780 2818 822 2847 37,
838 2818 932 2848 13711.
1022 2819 1049 2849 8)
1067 2818 1121 2851 If'ql.
1143 2818 1209 2843 oben
1227 2819 1256 2843 Z.
1271 2819 1286 2844 8
1305 2818 1363 2844 ‘und
1382 2819 1415 2844 A.
1429 2818 1452 2843 3.
