2220 3192
661 229 847 255 HINKMAR
867 229 945 256 VON
966 229 1085 256 REIMS
1107 230 1166 255 136.
1694 227 1733 257 97

93 323 187 355 potest
200 329 252 347 nec
266 324 353 354 eaput
366 330 465 348 eorum
478 321 606 348 Christus
619 324 673 353 est,
693 323 733 349 sic
746 330 803 348 non
817 330 900 349 omne
915 323 1139 353 matrimonium,
1161 323 1238 356 quod
1251 319 1305 350 in²
1325 322 1385 348 viro
1400 331 1451 348 suo
1464 322 1621 349 seeundum
1634 322 1739 349 Christi

92 376 244 408 praecepta
265 373 353 401 nonb
372 375 515 408 iungitur
523 369 619 405 ”grite
641 375 803 408 coniugium
823 375 959 409 appellari
979 378 1085 409 potest,
1100 375 1148 401 sed
1170 376 1259 409 magis
1280 375 1462 402 adulterium.
1482 373 1531 404 De
1550 372 1671 413 quibus
1691 372 1738 403 ita

91 423 173 455 sacri
191 422 364 455 diffiniunt
381 424 556 456 canonesl:
586 427 657 454 Sane
678 428 781 462 quibus
801 429 962 455 coniunctio
980 428 1089 456 inlicita
1106 429 1294 460 interdicitur,
1314 428 1463 455 habebunt
1480 429 1598 456 ineundi
1617 428 1739 455 melioris

93 479 213 514 coniugii
232 480 406 507 libertatem.
424 477 490 508 Etc
509 477 544 509 in
563 478 686 519 synodo
707 477 796 520 apud
818 476 986 519 Liptinasd
1003 478 1115 510 habita
1125 478 1148 515 ²,
1168 479 1222 510 cui
1242 478 1301 510 sub
1325 478 1573 510 Karlomannoe
1592 478 1738 520 principe

54 541 68 561 5
95 528 250 570 Georgius
264 530 435 571 episcopus
444 530 457 549 ³
477 534 509 561 et
523 530 686 562 Iohannes
705 530 890 562 sacellarius
902 542 940 562 ac
954 535 1089 562 sanctus
1102 531 1292 563 Bonifacius
1302 529 1312 549 ἰ
1324 543 1365 563 ex
1378 535 1552 574 praecepto
1568 531 1739 563 Zachariae

92 582 305 624 apostolicig4
327 583 570 623 praesederunt,
595 581 767 624 legiturh⁵‚
792 587 840 620 ut,
865 584 891 614 si
912 584 963 614 vir
987 583 1114 616 mulieri
1136 585 1362 626 desponsatae,
1385 585 1517 616 dotatae
1539 595 1576 616 ac
1600 585 1738 626 publicis

93 635 220 677 nuptiis
236 633 372 666 ductaei
393 636 575 667 secundum
594 635 784 677 apostolum
805 635 955 668 debitum
976 636 1145 678 coniugale
1163 648 1226 668 non
1245 638 1390 679 potuerit
1406 638 1536 669 reddere
1553 641 1586 669 et
1602 638 1661 670 hoc
1679 641 1738 669 aut

93 688 266 720 amborum
282 688 483 719 confessione
501 691 561 719 aut
578 692 666 719 certa
684 687 831 729 qualibet
849 689 1086 730 approbatione
1106 690 1204 721 fuerit
1232 691 1455 728 manifestum,
1484 695 1522 722 ut
1547 695 1738 733 separentur

93 745 126 772 et
144 740 271 778 mulier,
288 740 314 772 si
331 752 363 772 se
379 741 545 772 continere
563 741 757 782 nequiverit,
773 740 867 772 alteri
882 742 952 773 viro
969 741 1114 782 legaliter
1131 743 1245 774 nubat.
1262 742 1446 781 Videlicetk,
1462 744 1540 785 quia
1557 745 1739 776 secundum

42 808 69 828 ιο
91 793 326 826 diffinitionem
338 794 443 825 sancti
455 794 572 825 Leonis
584 804 689 835 papae
706 797 740 824 et
756 794 971 826 traditionem
981 795 1154 826 doctorum
1165 796 1315 837 superius
1325 797 1587 829 demonstratam
1596 797 1609 817 θ
1619 801 1738 827 dubium

91 859 149 878 non
168 854 212 877 est
230 859 295 877 earn
315 851 460 876 mulierem
479 859 536 876 non
556 851 696 884 pertinere
716 850 753 877 ad
774 851 998 882 matrimonium,
1023 851 1053 876 in
1074 859 1130 884 qua
1150 853 1352 878 coniunctione
1372 861 1493 880 sexuum
1512 848 1587 880 non¹
1606 853 1738 880 docetur¹

92 904 196 931 Christi
216 907 246 930 et
267 904 399 930 ecclesiae
420 906 642 934 sacramentum,
662 900 721 931 hoc
743 904 792 931 est
813 904 940 937 nuptiale
962 903 1047 930 fuisse
1070 905 1246 938 mysterium.

180 952 284 984 Multo
302 953 404 994 magis
417 957 533 985 autem
546 953 745 990 huiusmodi,
757 953 795 984 de
809 963 874 994 quo
890 953 1009 994 agitur,
1026 958 1201 995 separatom
1212 955 1362 995 coniugio
1376 955 1477 987 aliam
1492 955 1635 997 legaliter
1650 957 1738 988 adire

93 1007 202 1039 licebit
215 1005 382 1048 copulam,
393 1007 464 1037 cui¹¹
478 1006 695 1038 concubitum
710 1017 775 1037 non
789 1007 991 1037 contradixit
1006 1007 1191 1048 inpotentia
1206 1008 1323 1044 carnis,
1340 1009 1394 1039 sed
1410 1009 1590 1040 reverentia
1608 1010 1737 1041 mentis.

41 1073 69 1094 15
94 1060 134 1092 In
152 1059 271 1102 copula
292 1070 367 1090 vero
387 1059 561 1101 coniugali,
589 1060 623 1090 in
649 1070 715 1100 qua
735 1060 1016 1101 desponsationeo,
1044 1060 1212 1091 dotatione
1239 1064 1273 1091 et
1300 1061 1496 1102 nuptiarum
1523 1067 1737 1100 sacramento,

92 1113 235 1154 corporis
254 1112 376 1144 scilicet
392 1113 531 1150 unitate,
549 1113 667 1144 Christi
686 1116 719 1143 et
737 1112 888 1144 ecclesiae
906 1113 1041 1144 docetur
1058 1113 1155 1144 fuisse
1173 1113 1379 1154 mysterium,
1396 1114 1457 1145 nisi
1476 1118 1578 1146 morte
1597 1116 1739 1156 corporis

93 1165 315 1198 intercedente
339 1166 482 1207 coniugii
508 1177 574 1197 non
599 1166 721 1207 poterit
747 1165 865 1196 solutio
892 1165 993 1203 fieriu,
1020 1166 1104 1197 sicut
1129 1166 1314 1207 evangelica
1340 1170 1373 1198 et
1392 1167 1572 1208 apostolica
1598 1172 1739 1199 testatur

92 1219 274 1251 auctoritas
294 1223 327 1250 et
348 1219 496 1250 omnium
516 1219 752 1250 catholicorum
772 1219 945 1250 doctorum
965 1220 1092 1250 chorus
1113 1219 1158 1250 Et
1177 1219 1295 1251 beatus
1314 1220 1522 1261 Augustinus
1543 1221 1577 1251 in
1598 1220 1678 1252 libro
1699 1221 1739 1252 de

92 1272 286 1304 adulterinis
305 1272 464 1313 coniugiis
479 1272 594 1303 dicit7:
625 1273 791 1309 Quoniam
802 1272 871 1303 vela
889 1273 933 1303 si<¹
958 1283 1015 1314 pro
1038 1272 1234 1304 intolerabili
1257 1280 1310 1304 acl·
1332 1274 1506 1304 diuturnar
1529 1273 1739 1306 infirmitater

0 1365 1 1368 Ἰ
42 1339 69 1359 20
92 1325 309 1357 concubitum
317 1325 367 1356 vir
381 1336 527 1356 exercere
537 1329 597 1356 aut
612 1326 733 1356 semina
749 1326 907 1357 sustinere
920 1325 1114 1366 nequiverit,
1129 1337 1187 1358 nec
1201 1326 1304 1358 etiam
1318 1337 1375 1368 pro
1388 1326 1576 1358 sterilitate*³
1587 1338 1640 1358 seu
1650 1331 1658 1348 ῑ
1668 1327 1738 1358 reli-

93 1378 198 1421 gionis
212 1378 418 1410 continentia
435 1382 512 1409 autu
531 1389 588 1420 pro
605 1378 668 1410 alia
685 1378 832 1419 qualibet
849 1383 1007 1421 exceptav
1026 1379 1250 1410 fornicationis
1265 1390 1364 1411 causa
1380 1380 1431 1411 vir
1447 1384 1480 1411 et
1499 1391 1580 1411 uxor
1596 1380 1739 1421 legaliter

92 1436 125 1464 et
149 1431 273 1463 carnali
290 1432 526 1463 commixtione
544 1432 713 1463 coniuncti
734 1432 897 1473 separariW
916 1432 1085 1464 valebunt.
1114 1433 1321 1474 Quapropter
1339 1433 1423 1464 hanc
1444 1433 1547 1474 legem
1565 1445 1584 1465 a
1597 1434 1738 1465 Domino

92 1485 263 1517 audientes
272 1485 425 1526 discipuli
434 1484 658 1516 dixeruntz‘si
668 1485 745 1516 haec
756 1496 853 1516 causa
864 1486 908 1516 ita
916 1493 1012 1516 xcum
1024 1496 1123 1516 uxore
1134 1486 1282 1523 habetur,
1293 1497 1357 1517 non
1369 1487 1503 1528 expedit
1514 1486 1739 1518 nubere'.N0n

91 1542 205 1570 tamen
217 1549 275 1579 pro
285 1538 345 1570 hoc
356 1538 520 1570 Dominus
534 1549 628 1570 suam
644 1539 787 1570 mutavit
802 1539 1011 1570 sententiam.
1021 1538 1133 1570 Undey
1148 1544 1180 1570 et
1191 1539 1255 1570 Leo
1269 1539 1311 1570 ad
1320 1539 1471 1571 Nicetam
1479 1540 1739 1581 Aquileiensemz

42 1605 69 1626 25
91 1592 285 1633 episcopum
310 1591 438 1633 scripsit
448 1591 471 1629 Β,
491 1595 540 1629 ut,
557 1592 581 1622 si
598 1603 647 1628 per
663 1595 793 1622 bellicam
809 1595 918 1622 cladem
939 1599 969 1622 et
991 1596 1172 1629 gravissimos
1195 1596 1363 1622 hostilitatis
1384 1597 1514 1622 incursus
1535 1597 1577 1623 ita
1599 1596 1740 1630 quaedam

93 1645 216 1676 fuerint
230 1648 323 1674 divisa
338 1648 477 1682 coniugia,
492 1651 526 1674 ut
542 1648 674 1674 abductis
687 1649 717 1674 in
733 1649 933 1682 captivitatem
948 1649 1016 1674 viris
1030 1648 1153 1675 feminae
1168 1657 1266 1675 eorum
1280 1650 1471 1676 remanserint
1485 1649 1651 1680 destitutae,
1668 1658 1739 1683 quae

93 1702 167 1729 viros
178 1702 306 1735 proprios
317 1704 368 1727 aut
377 1702 564 1735 interemptos
575 1702 766 1735 putaverint
777 1704 828 1727 aut
839 1710 997 1736 numquam
1007 1711 1024 1728 a
1038 1701 1234 1728 dominatione
1245 1699 1390 1730 hostium
1406 1703 1603 1729 crediderint
1618 1703 1739 1729 liberan-

92 1754 152 1786 dos,
162 1755 192 1780 in
207 1754 328 1781 aliorum
343 1755 522 1788 coniugiuma
536 1751 712 1793 amplexus
727 1755 879 1781 solitudine
894 1758 1011 1788 cogente
1026 1756 1201 1786 transierint,
1217 1755 1284 1789 quia
1296 1755 1454 1790 scriptumb
1465 1757 1529 1783 est:
1542 1755 1566 1782 A
1577 1755 1740 1782 Dominob

185 1850 209 1878 ὃ)
230 1857 282 1872 non
292 1848 369 1872 sirm.
438 1847 462 1878 b)
482 1849 647 1879 coniungitur
657 1849 734 1873 Sirm.
803 1852 826 1879 0)
847 1849 879 1873 A.
893 1849 923 1872 R.
935 1857 980 1873 von
990 1849 1049 1873 aad.
1060 1849 1150 1873 Hand:
1162 1850 1211 1873 Hic
1222 1849 1293 1873 aliud
1303 1850 1415 1873 addatur
1428 1850 1459 1873 Β.
1528 1849 1553 1881 d)
1574 1849 1700 1880 Laptinas
1708 1849 1741 1873 D.

43 1899 71 1920 uo
94 1894 117 1922 Θ)
131 1892 327 1916 Karolomanno
339 1893 371 1920 C,=
385 1893 548 1917 Karrolanno
560 1893 593 1917 D.
679 1892 698 1923 ¹)
712 1893 867 1917 Boneiacius
878 1894 910 1917 D.
997 1896 1019 1923 Ε)
1032 1901 1116 1925 papae
1127 1893 1204 1917 Sirm.
1289 1893 1314 1924 ι1)
1328 1894 1485 1925 praecipitur
1496 1894 1529 1918 D.
1599 1891 1618 1924 ι)
1631 1894 1700 1924 dicte
1711 1894 1741 1917 G.

95 1935 121 1967 k)
139 1937 171 1961 A.
190 1937 222 1961 R.
240 1944 286 1962 von
302 1937 362 1961 and.
379 1937 469 1962 Hand:
493 1945 559 1968 quae
576 1937 666 1961 mulier
684 1937 796 1969 legitime
813 1941 949 1969 separatur
967 1937 998 1962 Β.
1099 1937 1118 1968 1)
1133 1937 1204 1962 Fehlt
1218 1938 1249 1962 B.
1349 1940 1382 1968 111)
1397 1938 1469 1962 Fehzt
1481 1937 1510 1962 0.
1610 1940 1635 1968 ῃ)
1654 1939 1698 1970 qui
1710 1939 1739 1963 O.

94 1983 118 2012 ⁰)
133 1984 212 2013 atque
226 1981 349 2012 einqel‘ilqt
363 1981 392 2006 C.
486 1984 510 2012 P)
526 1982 558 2006 A.
572 1982 603 2006 R.
617 1990 662 2006 von
678 1982 737 2006 and.
753 1982 842 2006 Haud:
859 1990 924 2013 quae
939 1990 991 2006 non
1005 1985 1114 2013 possunt
1129 1983 1242 2013 separari
1259 1982 1290 2006 B.
1373 1984 1398 2012 q)
1413 1983 1435 2006 si
1449 1982 1490 2006 vel
1504 1982 1582 2007 Sirm.
1668 1984 1689 2012 Γ>
1704 1983 1739 2006 in-

93 2025 218 2050 firmitate
239 2033 268 2050 ae
290 2026 414 2050 diuturna
434 2026 467 2050 D.
552 2028 574 2057 Β)
595 2026 737 2050 sterelitate
761 2027 791 2051 Β.
877 2026 896 2056 t)
918 2034 964 2057 pro
985 2026 1108 2057 einyesuyt
1128 2026 1156 2051 Ο.
1243 2028 1267 2057 ¹¹)
1289 2034 1334 2050 nee
1355 2026 1505 2057 vberqeschr.
1527 2027 1560 2052 D.
1652 2029 1677 2057 v)
1698 2035 1740 2050 ex-

94 2071 175 2101 ceptis
185 2070 214 2094 0.
310 2073 338 2101 W)
353 2078 471 2102 separare
482 2070 511 2095 C.
607 2074 632 2101 Χ)
646 2071 717 2095 Fehlt
727 2072 755 2095 0.
851 2073 875 2100 Y)
892 2071 967 2095 Unde
980 2085 1009 2088 —
1020 2071 1134 2095 decrevit
1151 2071 1241 2101 (umen
1255 2071 1283 2095 S.
1294 2072 1326 2096 98
1338 2070 1368 2095 Ζ.
1380 2072 1410 2101 6)
1425 2071 1483 2101 fehlt
1497 2071 1530 2095 D.
1625 2074 1646 2101 Ζ)
1662 2071 1739 2102 Aqui-

43 2119 70 2141 85
93 2114 229 2146 legiensem
248 2114 276 2138 0.
362 2117 386 2145 ὃ)
403 2115 541 2146 coniugum
559 2115 587 2143 0,
606 2115 683 2139 Sirm.
770 2114 794 2145 b>
812 2123 825 2138 a
845 2116 956 2139 Domino
974 2116 1099 2146 scriptum
1115 2118 1155 2139 est
1172 2115 1250 2139 Sirm.

187 2204 213 2234 l)
232 2202 333 2228 Konzil
352 2211 401 2228 von
420 2203 494 2235 chle
515 2203 599 2236 (506)
625 2212 646 2228 e.
660 2204 704 2231 61,
731 2203 883 2229 Hiuschius
900 2203 928 2228 S.
942 2203 994 2228 336
1014 2215 1040 2223 z
1064 2203 1164 2229 Konzil
1190 2211 1238 2228 von
1256 2203 1354 2236 Epaon
1374 2203 1458 2236 (517)
1478 2212 1499 2229 c.
1512 2204 1557 2234 30,
1576 2203 1639 2229 ΜΟ.
1659 2204 1739 2229 Cone.

93 2246 119 2277 Ι,
137 2246 180 2272 26.
281 2247 309 2278 2)
334 2247 442 2280 Synode
467 2255 517 2273 von
541 2247 670 2273 Estinnes
697 2248 791 2280 (743),
809 2248 857 2280 vyl.
879 2247 943 2273 ΜΘ.
964 2247 1044 2273 Cone.
1064 2247 1108 2277 II,
1127 2247 1167 2280 5).
1190 2247 1247 2273 und
1268 2247 1408 2273 besonders
1427 2247 1627 2282 Werminqhoff,
1651 2247 1741 2273 Neues

95 2291 197 2316 Archiv
208 2291 252 2321 32,
265 2291 317 2316 227
324 2291 363 2325 ff,
375 2291 421 2317 der
435 2291 463 2316 in
472 2291 577 2325 Verfolq
588 2291 681 2317 bereils
693 2301 743 2317 von
756 2286 859 2321 ΟἸεπεν,
877 2291 898 2317 J
899 2291 1045 2317 alerbvicher
1060 2291 1106 2317 des
1121 2292 1296 2324 frtinlcischen
1311 2292 1422 2318 Reiches
1438 2295 1516 2318 witer
1527 2292 1554 2318 K
1557 2292 1620 2325 ὄηὶῃ
1632 2292 1741 2325 Pippin

95 2335 124 2360 S.
137 2335 190 2361 473
209 2336 245 2368 (⁸.
263 2335 333 2361 auch
350 2336 484 2369 Maassen,
502 2336 592 2362 Neues
609 2336 710 2362 Archiv
723 2336 836 2363 XVIII.
850 2335 955 2368 299f),
976 2336 1123 2369 qenzachter
1144 2336 1366 2369 Beobachmmqen
1386 2337 1529 2367 nachwies,
1550 2337 1605 2369 class
1624 2337 1670 2368 fiir
1689 2336 1741 2361 den

44 2385 72 2406 40
96 2379 305 2412 nachlolqenden
320 2380 425 2405 Passus
438 2380 597 2413 lceinesueqs
609 2380 683 2413 seiles
696 2380 806 2410 Kouril,
819 2380 935 2406 sondern
949 2380 1073 2406 vielmehr
1084 2380 1127 2406 die
1141 2380 1495 2414 Kapitulariensammlu119
1513 2381 1559 2406 des
1580 2381 1741 2406 Benedictus

98 2423 190 2449 Levita
209 2424 234 2454 I,
254 2424 279 2449 3.
300 2424 329 2454 6‚-
355 2424 399 2454 II,
419 2425 461 2450 55.
482 2424 526 2455 91,
554 2425 617 2450 MG.
638 2425 693 2450 LL.
714 2425 757 2451 II.
777 2425 794 2449 2
812 2424 840 2449 S.
855 2424 927 2456 4614
945 2425 986 2450 76.
1006 2424 1038 2450 78
1063 2425 1127 2457 (vyl.
1145 2425 1245 2455 Seckeh
1269 2425 1360 2450 Neues
1376 2425 1478 2451 Archiv
1493 2426 1536 2455 31,
1554 2425 1601 2455 64,·
1618 2425 1661 2455 34,
1678 2425 1738 2450 330.

97 2467 190 2501 348s.)
208 2468 251 2494 die
265 2468 356 2499 Quelle,
372 2469 474 2499 bildete,
492 2469 548 2494 und
564 2478 634 2494 zwar
649 2472 726 2494 unzter
743 2469 965 2502 Hineinziekuny
977 2468 1050 2494 einrr
1063 2469 1154 2494 vorher
1176 2469 1239 2502 (τρὶ.
1254 2469 1319 2495 oben
1331 2469 1359 2495 S.
1373 2470 1408 2495 93
1420 2470 1450 2495 Z.
1464 2470 1515 2502 14)
1529 2470 1649 2495 zitierlen
1662 2469 1741 2494 Stelle

97 2520 148 2537 aus
159 2512 212 2538 Leo
225 2513 249 2538 Ι.
265 2513 364 2545 -Γρῑ,
379 2513 448 2539 auch
464 2513 561 2546 Tanql,
575 2513 666 2539 Neues
680 2513 780 2538 Archiv
793 2513 836 2543 41,
852 2514 898 2543 76‚·
915 2513 1014 2543 Perels,
1029 2513 1120 2539 Neues
1133 2513 1234 2539 Archiv
1247 2514 1291 2543 48,
1307 2514 1358 2539 156
1375 2514 1410 2539 A.
1425 2514 1448 2539 7.
1543 2514 1570 2546 3)
1585 2514 1642 2540 Fon.
1654 2513 1739 2539 Ostia.

95 2556 151 2589 Vql.
166 2557 235 2582 auch
248 2557 298 2582 das
311 2557 571 2590 Synodalschreiben
592 2566 642 2583 von
655 2557 772 2591 Quierzy
788 2557 883 2590 (858),
901 2557 965 2583 MG.
978 2557 1069 2590 Capit.
1087 2557 1130 2588 ΙΙ,
1142 2558 1194 2584 433
1215 2558 1251 2591 (s.
1264 2558 1330 2583 oben
1346 2558 1396 2583 Nr.
1411 2558 1463 2583 115
1480 2558 1509 2583 S.
1522 2558 1572 2591 57)
1597 2558 1676 2583 soweie
1691 2557 1741 2582 das

45 2605 72 2626 45
97 2600 194 2626 Deleret
216 2610 266 2626 von
291 2601 453 2635 Compieqne
476 2610 511 2628 cc.
525 2602 690 2631 14.16.·20,
714 2601 778 2627 ΜΘ.
796 2602 887 2634 Capit.
918 2601 944 2631 I,
967 2601 1026 2634 38l.
1147 2603 1174 2633 4)
1200 2602 1349 2628 741—752.
1474 2604 1501 2634 5)
1525 2602 1553 2627 S.
1578 2602 1643 2627 oben
1666 2602 1739 2627 A.2.

98 2645 126 2676 6)
146 2645 201 2678 Vyz.
225 2645 290 2671 oben
313 2646 342 2671 S.
355 2646 389 2671 93
412 2645 470 2671 und
492 2647 565 2672 A.1.
672 2647 698 2678 7)
719 2646 802 2672 Nicht
821 2646 950 2671 erynittelt.
967 2646 1023 2679 Vyl.
1038 2646 1087 2671 das
1099 2646 1323 2677 simmerwoendte,
1337 2647 1385 2672 mit
1405 2655 1464 2672 nee
1484 2655 1542 2680 pro
1560 2647 1634 2680 ipsa
1652 2646 1740 2671 etiam

98 2689 286 2716 sterilitate
306 2690 469 2723 beqinnende
486 2690 559 2716 Zitat
579 2690 619 2716 bei
638 2690 786 2719 Hinkmar,
804 2690 845 2715 De
860 2690 953 2715 divort.
973 2690 1063 2716 interr.
1077 2691 1103 2721 5,
1121 2691 1217 2724 Miane
1234 2691 1295 2721 125,
1313 2691 1379 2721 655;
1396 2691 1457 2716 aber
1473 2691 1542 2716 auch
1558 2691 1644 2716 dieses
1659 2690 1740 2723 findet

98 2733 154 2758 sich
170 2733 201 2759 in
216 2733 275 2759 dem
292 2743 350 2760 vom
367 2735 453 2760 Autor
469 2738 621 2767 yenannten
643 2734 733 2760 ‘Liber
755 2735 786 2760 de
809 2734 876 2760 bono
898 2734 1045 2767 coniuqali’
1069 2734 1114 2760 des
1137 2735 1310 2768 Auqustinus
1337 2735 1403 2768 (XV
1423 2735 1500 2768 (17),
1523 2735 1605 2767 Corp.
1626 2735 1647 2760 V
1650 2733 1738 2759 indob.

98 2777 140 2807 41,
158 2777 252 2811 209j.)
272 2778 431 2811 keinesweys
447 2779 486 2804 im
504 2779 586 2804 vollen
602 2779 738 2804 Wortlaut.
834 2780 861 2810 S)
881 2778 971 2804 Codex
989 2787 1125 2804 canonum
1146 2779 1248 2812 (1609)
1263 2779 1291 2804 S.
1306 2779 1358 2804 473
1377 2788 1398 2805 c.
1412 2779 1460 2809 42;
1480 2779 1633 2804 Hinschius
1645 2778 1673 2803 S.
1688 2778 1738 2803 6⁴31

40 2825 74 2853 >50
95 2829 116 2846 c.
130 2822 145 2846 1
167 2822 263 2853 ωας.
276 2822 355 2855 536).

183 2870 350 2896 ErrsrorAE
362 2870 446 2897 VIII.
1496 2871 1527 2896 13

1764 320 1837 351 860.

1754 646 1804 670 Vgl.
1816 646 1894 668 1.Cor.
1903 647 1922 672 7,
1930 647 1950 668 3.

1755 1495 1840 1516 matth.
1850 1497 1886 1521 19,
1896 1496 1932 1517 10.
