2272 3197
71 766 98 785 10

70 1032 97 1051 15

69 1298 96 1317 20

69 1564 96 1582 25

66 1830 94 1849 ³0

67 2095 94 2114 35

67 2360 95 2380 40

69 2656 95 2673 45

705 187 890 213 HINKMAR
912 188 990 214 VON
1012 187 1132 214 REIMS
1152 188 1195 214 37.
1735 187 1772 216 21

125 276 385 319 praescientiam,
403 277 481 318 quia
495 277 585 308 Deus
602 277 777 319 praescivit
792 277 970 319 reprobum
985 277 1167 319 quemlibet
1185 277 1312 309 malum
1328 278 1493 315 futurum,
1510 282 1544 309 et
1560 278 1630 319 ipse
1645 277 1773 309 diabolo

122 330 330 362 consentiens
347 341 379 361 se
396 330 616 372 praeparavit,
634 334 673 362 ut
688 330 750 361 iret
765 330 807 362 ad
824 341 966 372 poenam
982 330 1043 362 sibi
1060 334 1193 373 propter
1209 341 1268 363 sua
1286 330 1372 362 mala
1388 341 1498 372 opera,
1515 331 1550 361 in
1565 330 1687 372 quibus
1704 342 1774 372 per-

123 393 267 414 severare
288 383 490 421 deliberavit,
513 387 774 425 praeparatam⁸.
795 384 901 421 Unde,
923 384 1009 415 sicut
1029 383 1199 425 apostolus
1220 384 1310 421 dicit,
1332 384 1410 425 quia
1432 395 1489 426 per
1510 395 1558 422 ea,
1580 394 1665 426 quae
1687 384 1774 415 facta

121 439 202 467 sunt
213 435 364 474 visibilia,
376 436 552 468 invisibilia
564 440 817 477 cognoscuntur,
830 447 871 468 ex
883 437 992 478 parvis
1006 447 1124 478 magna
1136 437 1338 469 coniciamus
1350 441 1384 468 et
1393 437 1542 469 dicamus
1551 436 1641 469 verbi
1653 437 1773 478 gratia:

131 489 216 527 Quia
234 500 292 520 rex
310 489 429 531 aliquis
448 489 700 531 potentissimus
718 494 752 521 et
770 490 870 521 iudex
888 489 1090 521 iustissimus
1108 490 1225 521 habuit
1244 501 1375 522 servum
1393 490 1549 532 aliquem,
1569 501 1669 532 quem
1691 490 1774 522 mul-

122 541 279 584 tipliciter
300 542 420 574 fecerat
440 542 628 584 gloriosum,
650 543 755 574 isdem
773 546 889 574 contra
910 553 987 574 eum
1008 542 1198 584 superbiens
1218 544 1323 574 evasit
1343 543 1611 575 sceleratissimus
1631 554 1668 575 ac
1690 543 1774 575 male

121 606 220 636 agens
239 606 295 626 seu
314 606 424 626 errans
444 599 477 626 et
495 595 576 627 alios
594 596 629 627 in
647 607 789 627 errorem
806 596 966 627 inducens
984 599 1017 626 et
1037 595 1212 626 sceleratus
1230 595 1310 627 alios
1329 595 1500 628 sceleratos
1519 596 1674 628 efficiens.
1702 597 1774 634 Qua

121 648 160 679 de
182 659 214 679 re
238 649 447 690 praeparavit
469 649 556 680 idem
578 659 636 680 rex
658 648 909 690 potentissimus
931 651 964 679 et
986 648 1086 679 iudex
1107 649 1309 680 iustissimus
1330 660 1492 681 carcerem
1514 649 1774 681 inenarrabiliter

122 700 305 743 poenalem,
328 701 364 732 in
385 712 486 742 quern
508 702 684 743 deputavit
707 701 803 733 illum
826 701 1040 733 maledictum
1062 705 1096 732 et
1118 702 1360 742 nequissimum
1383 714 1526 734 servum.
1548 703 1594 734 Et
1615 703 1774 744 quoniam

121 754 216 785 scivit
238 753 362 785 multos
381 765 551 786 servorum
572 766 708 786 suorum
728 755 885 786 infectosb
906 754 1053 795 nequitia
1075 753 1163 785 1111115
1183 758 1217 785 et
1238 755 1379 792 futuros,
1401 756 1458 797 qui
1478 756 1626 787 audituri
1647 760 1679 787 et
1700 756 1773 787 11111·

120 807 244 838 taturi⁰
267 811 375 838 essent
400 807 485 839 mala
508 807 607 845 1111115,
631 808 773 839 servavit
795 818 956 840 carcerem
978 806 1075 838 illum
1096 807 1137 838 ad
1159 807 1219 839 hoc
1243 812 1488 849 praeparatum,
1514 812 1551 840 ut
1573 809 1773 851 quicumque

120 864 228 892 essent
244 859 299 891 vel
316 861 421 892 futuri
438 864 547 892 essent
564 861 748 892 imitatores
768 860 845 892 mali
863 860 947 891 servi
964 859 1052 891 illius
1069 864 1102 891 et
1120 871 1161 891 ex
1180 864 1273 901 parte
1291 860 1379 892 illius
1396 872 1463 892 esse
1481 861 1669 902 deligerent,
1689 863 1715 893 si
1732 863 1773 894 ad

122 913 266 951 meliora,
285 913 339 945 illo
357 914 509 945 videlicet
525 914 660 945 domino
678 914 831 945 hortante
849 917 883 944 et
898 913 985 945 bona
1003 913 1049 944 eis
1068 917 1283 955 proponente,
1304 913 1429 945 nollent
1447 915 1560 951 redire,
1580 915 1680 946 simul
1696 926 1774 947 cum

121 966 186 1003 illo,
204 970 338 1008 propter
352 978 453 1008 quem
467 978 574 998 carcer
589 967 697 998 factus
711 970 771 1004 est,
789 966 1085 1008 praecipitarentur
1099 967 1140 997 ad
1156 977 1309 1007 poenam.
1323 967 1369 998 Et
1382 967 1547 998 Dominus
1562 968 1657 999 dicit:
1671 968 1774 1000 ‘Dum

120 1030 152 1050 es
171 1019 205 1050 in
223 1019 276 1050 via
294 1030 373 1051 cum
390 1020 573 1052 adversario
591 1024 662 1057 tuo,
680 1020 839 1051 concorda
857 1030 935 1051 cum
953 1030 1000 1056 00,
1022 1030 1061 1050 ne
1080 1020 1164 1050 forte
1181 1020 1385 1051 adversarius
1402 1021 1514 1051 tradat
1532 1025 1564 1051 te
1584 1021 1700 1052 iudici‘l
1718 1020 1773 1052 etd

120 1073 219 1104 iudex
229 1073 339 1104 tradat
353 1077 386 1104 te
397 1073 542 1104 exactori
552 1076 585 1105 et
594 1077 727 1105 exactor
740 1072 872 1104 mittate
886 1077 918 1103 te
928 1076 939 1090 θ
953 1072 987 1103 111
1000 1083 1172 1109 carcerem,
1194 1077 1227 1104 et
1242 1084 1308 1103 non
1322 1073 1423 1104 exies1
1445 1074 1530 1110 inde,
1545 1074 1646 1105 donec
1660 1074 1773 1105 reddas

120 1126 340 1158 novissimum
357 1127 601 1167 quadrantem’.
619 1125 832 1158 Adversarius
852 1129 961 1157 noster
980 1129 1029 1157 est
1048 1137 1152 1157 sermo
1171 1126 1242 1163 Dei,
1262 1126 1320 1167 qui
1339 1126 1488 1168 increpat
1508 1126 1606 1164 mala,
1625 1137 1708 1168 (11130
1728 1128 1773 1158 13-

118 1179 236 1216 cimus,
255 1183 288 1210 et
306 1180 475 1220 praedicit,
495 1179 557 1210 nisi
573 1179 720 1210 conversi
738 1179 909 1216 fuerimus,
930 1178 1027 1216 mala,
1045 1190 1129 1220 quae
1148 1179 1275 1221 passuri
1293 1190 1420 1211 sumus.
1440 1180 1542 1211 Cuius
1559 1180 1772 1221 praedictioni

119 1232 154 1263 in
172 1232 322 1274 passione
342 1232 506 1264 malorum
523 1232 549 1264 si
566 1232 754 1264 concordari
779 1231 934 1263 nolumus
952 1232 1156 1269 sustinendO,
1181 1233 1417 1264 concordemur
1441 1233 1537 1270 bona,
1563 1244 1647 1274 quae
1673 1233 1772 1270 iubet,

119 1285 283 1327 operando
302 1289 335 1316 et
358 1297 377 1317 a
404 1285 498 1317 malis
522 1296 581 1316 nos
604 1285 839 1322 convertend03
864 1285 961 1326 quiag
985 1285 1012 1316 si
1038 1296 1103 1316 non
1122 1286 1305 1323 fecerimus,
1324 1286 1433 1317 tradet
1452 1297 1510 1317 nos
1528 1286 1628 1317 iudici
1647 1287 1772 1317 Christo

119 1343 152 1369 et
177 1338 277 1369 iudex
297 1339 452 1376 exactori,
473 1339 507 1370 id
525 1342 575 1370 est
593 1338 729 1370 cuilibet
746 1338 930 1380 angelicaeh
951 1339 1127 1380 potestati¹
1147 1339 1188 1370 ad
1208 1339 1267 1370 1100
1290 1339 1511 1371 ministerium
1530 1340 1721 1381 deputatae,
1742 1344 1772 1370 et

118 1391 171 1422 ille
189 1395 322 1423 exactor
343 1392 455 1423 mittet
473 1392 636 1423 traditum
655 1391 715 1423 sibi
734 1391 768 1422 in
782 1403 955 1428 carcerem,
975 1392 1007 1423 id
1027 1396 1087 1429 est,
1106 1403 1207 1433 quem
1226 1393 1395 1434 possedit*
1417 1404 1472 1434 per
1491 1392 1722 1424 infidelitatem
1741 1398 1772 1424 01

119 1444 205 1476 111313
228 1456 325 1486 opera
349 1445 418 1476 sine
440 1445 649 1476 conversione
671 1445 706 1476 in
730 1445 792 1476 isto
815 1444 955 1482 saeculo,
979 1444 1114 1476 sotiabit
1137 1445 1197 1476 sibi
1228 1446 1261 1476 in
1286 1446 1398 1477 sutura
1423 1446 1605 1487 perditione
1628 1446 1772 1477 iustitiae

117 1497 361 1535 diiudicatione,
377 1502 411 1529 et
426 1509 493 1529 non
508 1499 596 1530 exiet
611 1498 696 1535 inde,
712 1498 861 1540 quisquis
875 1509 954 1530 cum
969 1497 1023 1529 illo
1040 1498 1179 1530 intrabit
1201 1499 1235 1530 in
1250 1502 1419 1530 aeternam
1437 1500 1664 1540 perditionem,
1689 1500 1772 1530 sicut

119 1550 276 1582 letabitur
301 1551 371 1582 sine
398 1551 473 1589 fine,
500 1551 649 1593 quisquis
675 1551 813 1583 fideliter
831 1552 899 1583 Deo
927 1552 961 1583 111
988 1552 1051 1582 isto
1071 1551 1199 1583 saeculo
1219 1553 1376 1584 adherens
1396 1553 1597 1584 remunerari
1620 1553 1771 1584 meruerit

118 1604 238 1641 gratial,
261 1604 294 1636 id
316 1608 366 1635 est
387 1609 655 1642 praedestinationis
675 1609 795 1641 effectu,
819 1605 907 1636 Vitae
929 1604 1052 1636 Scilicet
1073 1609 1223 1637 aeternae
1246 1609 1424 1636 donatione.

206 1657 252 1688 Et
269 1658 589 1699 superadiciendum‚
617 1662 655 1689 ut
679 1658 807 1689 facilius
826 1658 1024 1698 intellegatis
1041 1662 1075 1689 et
1092 1659 1397 1699 tergiversationem
1415 1659 1508 1701 pravi
1526 1659 1723 1701 exposiwris
1741 1665 1773 1690 et

116 1710 384 1751 aethimologiam
399 1711 717 1753 praedestinationis.
733 1712 767 1742 in
781 1722 847 1752 qua
863 1711 974 1753 posuit
989 1716 1124 1743 sanctus
1137 1713 1344 1753 Augustinus
1360 1724 1481 1744 nomen
1497 1713 1772 1754 praeparationis:

117 1763 243 1801 scitote,
263 1764 341 1805 quia
367 1763 448 1795 illud
468 1775 599 1801 nomen,
615 1765 703 1806 quod
718 1767 782 1796 est¹
799 1765 1016 1807 praeparati0‚
1033 1765 1086 1796 vel
1104 1765 1185 1796 illud
1203 1765 1354 1803 verbum,
1374 1766 1463 1807 quod
1482 1770 1532 1797 est
1552 1767 1771 1807 praeparavit,

117 1815 193 1848 licet
214 1827 271 1858 per
292 1817 545 1849 translationem
564 1817 713 1859 aliquam
736 1818 839 1859 possit
860 1818 977 1849 habere
997 1818 1217 1855 vicinitatem,
1242 1830 1308 1850 non
1331 1830 1459 1861 semper
1481 1830 1521 1850 ex
1543 1830 1580 1850 eo
1602 1819 1700 1850 verbo
1722 1819 1773 1850 vel

118 1869 251 1901 nomine
274 1870 407 1902 dirivari
429 1870 526 1902 debet
550 1870 705 1911 intellegi.
729 1871 824 1903 Unde
846 1871 964 1903 beatus
986 1872 1193 1912 Augustinus
1217 1872 1336 1903 dixit2:
1363 1876 1591 1902 Praedestinatio
1613 1879 1659 1902 est
1683 1883 1772 1914 prae-

116 1923 278 1954 ordinatio
297 1922 350 1955 vel
367 1928 558 1961 praeparatio,
577 1924 656 1966 quia
676 1924 782 1956 multa
799 1924 898 1956 verba
917 1928 997 1956 sunt
1015 1925 1049 1956 in
1068 1925 1250 1967 scripturis,
1269 1936 1354 1967 quae
1372 1926 1555 1957 secundum
1573 1925 1772 1967 qualitatem

115 1976 317 2008 adiacentiae
335 1976 476 2019 capiunt
494 1976 548 2008 vel
566 1978 740 2019 proferunt
759 1977 1033 2019 significationem
1053 1978 1305 2019 intellegentiae.
1325 1979 1413 2010 Nam
1431 1979 1471 2010 de
1489 1979 1549 2011 hoc
1570 1979 1641 2021 ipso
1660 1979 1771 2016 verbo,

117 2029 203 2060 unde
224 2040 273 2061 res
293 2030 412 2070 agitur,
435 2030 598 2073 scriptum
618 2035 668 2062 est
689 2031 723 2062 in
745 2030 825 2062 libro
845 2031 990 2072 Regum:
1018 2031 1228 2073 ‘Praeparate
1248 2032 1345 2064 corda
1365 2036 1474 2063 vestra
1494 2032 1661 2069 Domino',
1684 2036 1718 2063 et
1738 2032 1771 2063 in

116 2082 271 2114 Psalmis:
296 2082 600 2124 ‘Praeparationem
618 2084 723 2115 cordis
737 2095 852 2116 eorum
870 2085 1000 2116 audivit
1018 2085 1107 2116 auris
1126 2085 1208 2122 tua’,
1235 2089 1269 2116 et
1286 2085 1326 2116 de
1345 2085 1478 2117 ecclesia
1504 2086 1538 2117 in
1556 2085 1772 2127 Apocalypsi:

115 2135 341 2177 ‘Praeparavit
361 2147 394 2168 se
415 2147 498 2168 uxor
516 2137 616 2178 agni’,
638 2140 672 2168 et
691 2137 726 2168 in
746 2137 912 2178 evangelio
934 2138 1117 2169 secundum
1138 2139 1279 2170 Lucam:
1299 2138 1444 2176 ‘Servus‚
1464 2139 1523 2180 qui
1542 2139 1697 2180 cognovit
1716 2149 1771 2170 vo·

117 2187 283 2220 luntatem
301 2189 426 2221 domini
445 2190 494 2221 sui
515 2194 548 2221 et
567 2201 633 2221 non
653 2191 865 2232 praeparavit
884 2194 917 2221 et
936 2202 1002 2222 non
1023 2191 1101 2222 fecit
1120 2192 1301 2223 secundum
1320 2191 1529 2224 voluntatem
1548 2191 1647 2229 illius,
1666 2203 1770 2234 vapu-

116 2240 198 2273 labit
217 2241 355 2280 multis',
374 2247 408 2274 et
425 2243 489 2274 alia
509 2242 664 2285 plurima,
683 2255 767 2285 quae
794 2243 931 2285 longum
956 2248 1005 2275 est
1024 2255 1227 2276 enumerare.
1255 2244 1317 2276 Sed
1342 2245 1404 2276 iste
1433 2256 1572 2287 magnus
1595 2245 1773 2287 pertinatia

116 2298 149 2326 et
166 2295 326 2327 minimus
342 2307 440 2327 sensu
456 2300 567 2328 orator
584 2307 651 2328 non
669 2296 787 2328 habuit
804 2297 867 2328 nisi
886 2308 993 2329 unum
1008 2297 1144 2329 oculum
1162 2298 1283 2330 mentis
1300 2298 1335 2330 in
1345 2298 1522 2330 verborum
1536 2298 1771 2339 intellegentia,

118 2351 156 2378 ut
183 2358 297 2389 capere
327 2349 499 2390 potuisset,
526 2349 669 2391 qualiter
704 2350 843 2382 verbum
872 2355 1056 2388 praeparavit
1092 2351 1126 2382 in
1155 2351 1252 2382 dictis
1287 2351 1376 2383 beati
1387 2359 1407 2373 ¹¹¹
1441 2352 1638 2393 Augustini¹¹
1673 2355 1772 2393 atque

118 2399 282 2441 Fulgentii
304 2401 490 2443 intellegere
511 2402 688 2434 debuisset.

205 2454 254 2485 De
265 2455 360 2486 cuius
372 2455 490 2492 libris⁰‚
504 2455 627 2488 scilicet
638 2456 727 2488 beati
740 2456 918 2498 Fulgentii,
930 2457 982 2488 hic
994 2456 1148 2499 exempla
1161 2458 1355 2499 posuissem,
1370 2458 1432 2490 nisi
1446 2463 1484 2489 ut
1495 2458 1584 2490 beati
1594 2458 1771 2499 Augustini

117 2506 282 2547 expositor
299 2507 329 2539 ei
348 2519 405 2550 per
423 2509 536 2540 omnia
554 2509 791 2541 concordasset.
814 2509 866 2541 Sic
885 2509 975 2541 enim
993 2510 1151 2542 debuerat
1170 2511 1355 2552 intellegere
1374 2516 1560 2549 praeparavit
1584 2511 1619 2542 in
1638 2511 1728 2542 libris
1753 2523 1768 2542 a

200 2606 223 2633 ιλ)
241 2609 409 2636 preparatum
424 2607 455 2631 B.
526 2606 550 2637 b)
569 2607 603 2631 So
617 2607 722 2636 Gvndl.;
737 2608 889 2632 interfectos
901 2608 932 2632 B.
999 2611 1023 2638 ο)
1041 2610 1199 2633 immitaturi
1210 2609 1241 2633 B.
1311 2608 1336 2639 ἃ)
1355 2610 1447 2634 iuditie
1463 2610 1493 2633 B.
1562 2612 1585 2640 Θ)
1605 2611 1726 2633 mittatur
1741 2610 1771 2633 B.

119 2645 137 2673 (ι
156 2655 187 2670 ex
202 2648 238 2671 eis
252 2648 282 2672 B.
383 2652 405 2680 Β)
425 2658 491 2681 quae
507 2651 570 2676 verb.
584 2652 676 2676 Gundl.
769 2651 794 2682 11)
813 2653 921 2684 angelici
938 2653 969 2676 B.
1062 2651 1081 2683 ἰ)
1100 2654 1107 2676 1
1122 2653 1186 2677 verb.
1201 2661 1248 2677 aus
1263 2662 1277 2677 e
1295 2654 1325 2678 Β,
1420 2653 1445 2683 ¹³1)
1463 2653 1530 2678 Verb.
1546 2662 1593 2677 aus
1607 2654 1722 2685 possidet
1741 2653 1771 2676 B.

118 2689 136 2718 1)
154 2690 258 2723 estsest
278 2692 309 2716 B.
394 2697 426 2725 111)
445 2695 504 2719 beni
522 2695 553 2720 Β.
640 2698 664 2726 ¹²)
683 2697 844 2727 Augustinus
864 2697 894 2720 Β.
980 2699 1003 2726 o)
1022 2697 1079 2721 libri
1098 2697 1129 2721 B.

211 2780 236 2809 l)
252 2778 310 2812 Vql.
326 2779 391 2806 oben
410 2782 438 2806 S.
458 2781 492 2807 17
506 2781 537 2807 Ζ.
553 2782 586 2808 29
596 2783 617 2814 s.
711 2784 738 2815 2)
755 2783 814 2809 Lib.
833 2783 863 2809 de
882 2783 1125 2816 praedestinatione
1143 2788 1296 2810 sanctorum
1310 2785 1345 2811 X.
1365 2785 1407 2811 19.
1428 2785 1523 2817 Miqne
1536 2785 1579 2815 44,
1598 2785 1659 2810 974.

1800 280 1975 310 349—850.

1790 392 1960 417 vg1.Hebr.11‚
1967 395 1987 413 3.

1790 979 1873 999 Matth.
1881 979 1901 1002 ὁ,
1908 979 1943 998 25.
1952 979 1986 997 26.

1791 2046 1808 2063 1.
1820 2045 1876 2068 Reg.
1889 2045 1907 2067 7,
1919 2046 1939 2063 3.

1802 2084 1836 2104 Ps.
1850 2084 1884 2108 10,
1897 2084 1923 2104 17

1787 2112 1840 2133 (sec.
1853 2110 1940 2134 Hebr.).

1788 2152 1857 2174 Apoe.
1871 2151 1904 2174 19,
1917 2151 1935 2169 7.

1786 2204 1839 2223 Luc.
1852 2204 1888 2228 12,
1901 2205 1936 2223 47.
