2220 3192
44 770 70 790 10

43 1035 69 1055 1⁶

42 1300 69 1320 ΒΟ

38 1566 65 1586 86

38 1832 64 1851 80

38 2096 65 2116 ³5

38 2362 65 2381 40

35 2742 62 2761 45

685 190 871 216 HINKMAR
893 190 969 217 VON
991 191 1110 217 REIMS
1130 192 1173 218 99.
1700 191 1739 221 47

97 281 155 316 est,
178 281 216 309 ut
236 278 432 316 audivimus,
455 279 575 321 quippe
597 279 681 310 sicut
701 279 743 310 ab
764 279 841 321 ipsis
863 291 944 321 pene
965 279 1133 311 cunabulis
1155 280 1215 312 sub
1236 280 1386 322 religione
1408 284 1441 312 et
1466 281 1581 312 habitu
1602 281 1739 323 regulari
1764 285 1939 315 856—857.

96 331 238 362 nutritus
260 332 295 362 in
314 331 482 363 Remensis
502 331 652 369 ecclesiae
670 333 877 371 monasterio,
902 332 958 364 ubi
976 333 1148 375 requiescit
1166 337 1298 365 sanctus
1321 333 1502 375 Remigius;
1525 334 1559 365 in
1582 345 1646 376 quo
1669 335 1739 367 loco

96 383 240 425 religioso
261 395 354 416 suam
381 385 488 426 exegit
507 388 660 422 aetatem,
689 396 856 427 quousque
876 397 894 417 a
914 386 1034 418 domno
1055 386 1168 418 Ebone
1187 386 1348 418 avunculo
1368 398 1436 425 suo,
1462 391 1542 419 tunc
1562 388 1740 420 Remorum

97 437 366 479 arcffiepiseopo1,
395 438 517 470 ibidem
545 438 700 470 diaconus
728 443 934 471 consecratus
962 443 995 470 et
1023 439 1125 471 abbas
1152 440 1386 472 monachorum
1414 441 1456 472 ad
1484 440 1663 482 regularem
1691 452 1740 472 or-

94 490 204 522 dinem
222 491 401 523 tenendum
426 494 460 522 et
484 491 731 532 gubernandum
756 492 990 524 constitutione
1015 492 1189 535 episcopali
1214 497 1263 525 est
1288 494 1466 526 ordinatus.
1499 495 1668 536 Quemque
1692 494 1739 526 ita

94 542 288 575 humilitatis
312 547 426 575 tenore
450 545 615 576 nutritum
640 548 673 576 et
698 544 895 577 humilitatis
919 545 1027 577 locum
1053 550 1206 588 appetere
1232 550 1265 578 et
1289 550 1398 578 tenere
1424 547 1504 578 velle
1530 548 1675 585 dicimus,
1703 552 1740 579 ut

94 596 138 627 illi
157 600 191 628 et
211 597 361 628 omnibus
380 597 540 639 scriptum
559 601 622 629 est:
641 597 691 629 ‘Si
710 597 844 639 spiritus
864 602 1062 640 potestatem
1081 599 1233 630 habentis
1252 600 1434 631 ascenderit
1453 611 1549 642 super
1568 604 1612 638 te,
1632 600 1739 633 locum
1752 611 1918 636 necios.1o‚4.

93 652 189 681 tuum
206 661 246 681 ne
263 649 443 682 dimiseris?
465 649 604 692 Spiritus
621 651 708 682 enim
725 654 923 692 potestatem
940 651 1091 683 habentis
1107 652 1240 693 spiritus
1257 656 1307 684 est
1324 653 1503 694 superbiae,
1521 653 1610 685 locus
1627 658 1739 686 autem

95 706 221 734 noster·
240 701 423 734 humilitasb
442 707 521 741 est»,
552 715 651 745 quam
669 715 688 735 a
706 715 738 735 se
758 714 832 735 vere
851 703 939 735 locus
958 705 1104 736 munitus
1123 709 1156 736 et
1173 705 1284 736 ‘turris
1305 706 1514 737 fortitudinis'
1538 718 1596 737 nos
1618 707 1738 738 discere
1753 717 1791 738 rs.
1803 719 1870 742 60‚4.

93 755 198 786 iubet:
215 756 352 787 ‘Discite
369 767 389 787 a
406 757 480 794 me',
499 757 657 798 inquiens,
675 756 764 798 ‘quia
782 757 870 788 mitis
888 768 961 789 sum
978 761 1012 788 et
1030 757 1159 789 humilis
1176 758 1293 795 corde',
1318 769 1481 800 quamque
1499 771 1557 801 pro
1576 759 1645 791 loco
1663 764 1737 791 tuto
1753 771 1839 792 matth.
1851 773 1885 795 11,
1897 772 1931 791 29.

93 811 206 839 contra
228 808 376 840 elationis
396 812 455 841 acc
481 809 657 841 iactantiae
682 810 832 851 spiritum
853 810 1037 851 praefatum
1058 810 1241 851 religiosum
1262 811 1369 843 virum
1389 812 1506 843 obnixe
1527 816 1636 844 tenere
1658 813 1739 845 velle

93 861 277 893 audivimus
302 865 335 893 et
359 873 417 904 pro
441 866 529 894 certo
553 863 757 894 credidimus.
790 863 834 894 Et
857 863 975 894 idcirco
1000 863 1210 895 discredimus
1234 864 1296 895 ista
1320 864 1482 906 capitula²
1507 865 1549 896 ab
1573 864 1641 897 eisd
1663 877 1738 898 0011-

94 914 189 952 fecta,
221 915 297 956 quia
328 915 561 956 praetermissis
587 915 723 947 aliorum
747 916 1015 947 consacerdotum
1040 916 1225 948 nominibus
1250 916 1348 948 solius
1374 917 1496 948 Ebonis
1522 930 1639 950 nomen
1664 931 1738 951 cum

92 967 339 1010 archiepiscopis
365 972 414 1000 est
432 968 554 1000 ibidem
572 969 761 1006 iaotantere,
788 972 826 999 ut
851 968 1046 1010 quibusdam
1064 969 1204 1007 videtur,
1231 981 1427 1011 expressum.
1456 971 1501 1002 Et
1527 972 1614 1012 quod
1639 983 1738 1013 quam

91 1020 232 1052 maxime
254 1019 343 1062 ipse¹
362 1019 417 1052 inf
437 1019 518 1053 hcc‘
539 1021 794 1059 collaboraverit,
826 1022 917 1063 quasi
939 1033 956 1053 e
979 1022 1106 1063 regione
1129 1022 1171 1053 sit
1194 1033 1333 1060 sensum,
1358 1026 1395 1054 ut
1417 1024 1518 1055 etiam
1539 1035 1614 1056 cum
1636 1026 1738 1057 archi—

91 1074 249 1115 episcopis
272 1074 375 1106 maior
398 1074 513 1106 ceteris
532 1078 565 1106 et
583 1074 709 1106 doctior
726 1075 760 1106 in
779 1075 940 1106 sententia
960 1075 1068 1112 fuerit,
1089 1076 1150 1107 hoc
1171 1075 1257 1107 enim
1275 1076 1315 1107 de
1335 1080 1447 1108 sancto
1467 1077 1662 1118 Augustino,
1682 1079 1737 1119 qui

91 1127 124 1158 in
141 1126 283 1158 conciliis
300 1126 473 1159 Affricanis
489 1128 623 1159 scientia
640 1131 674 1159 et
690 1127 800 1159 labore
817 1138 854 1159 00
872 1127 1041 1169 vigilantia
1059 1128 1161 1160 maior
1178 1129 1300 1166 extitit,
1319 1140 1526 1171 nequaquam
1543 1130 1736 1162 invenimus

92 1180 176 1211 Nam
194 1183 228 1211 et
245 1180 313 1222 ipse
331 1184 463 1212 sanctus
481 1180 683 1222 Augustinus
701 1191 766 1212 non
784 1179 889 1212 solum
906 1192 939 1212 se
957 1181 1071 1212 ceteris
1089 1182 1287 1223 coepiscopis
1305 1182 1470 1223 privatam
1488 1183 1623 1224 gloriam
1641 1195 1737 1225 quae-

91 1243 163 1264 rens
186 1244 252 1264 non
275 1233 431 1275 praetulit
453 1245 512 1265 nec
535 1233 688 1276 praeferri
711 1233 866 1275 permisit,
892 1245 1005 1265 verum
1029 1245 1061 1266 se
1084 1234 1154 1266 aliis
1177 1235 1359 1276 supposuit,
1383 1247 1458 1267 cum
1481 1236 1549 1277 ipse
1572 1236 1645 1278 plus
1668 1236 1737 1268 aliis

91 1285 298 1324 laboraverit,
323 1287 407 1318 sicut
429 1287 463 1318 in
486 1286 630 1329 epistolis
652 1287 694 1319 ad
717 1290 867 1318 sanctum
891 1287 1119 1319 Innocentium
1142 1298 1263 1329 papam
1287 1289 1414 1330 scriptis
1437 1293 1471 1320 et
1493 1290 1535 1320 ad
1558 1289 1638 1321 alios
1661 1301 1737 1332 apo-

90 1338 222 1371 stolicae
245 1340 329 1371 sedis
351 1339 536 1382 praesules³
557 1340 613 1382 qui
634 1339 737 1381 legere
760 1339 900 1371 voluerit
921 1340 1065 1372 invenire
1089 1340 1222 1373 valebit.
1253 1342 1342 1373 Necg
1364 1342 1403 1373 de
1426 1342 1490 1373 ullo
1513 1342 1736 1385 episcoporum

89 1392 122 1423 in
143 1391 215 1424 ullis
235 1392 378 1424 conciliis
397 1393 507 1424 taliter
526 1393 671 1435 legimus,
698 1393 759 1424 nisi
779 1393 863 1424 forte
883 1393 1079 1435 apostolicae
1100 1393 1228 1426 litterae
1248 1398 1380 1436 propter
1401 1395 1585 1427 evidentem
1605 1407 1737 1428 causam

90 1444 231 1487 aliquem
257 1446 521 1488 coepiscoporum
547 1447 589 1478 ad
616 1447 675 1478 hoc
702 1446 872 1487 negocium
898 1458 973 1479 cum
1000 1447 1240 1489 archiepiscopo
1268 1459 1326 1478 suo
1354 1459 1393 1479 ex
1420 1449 1549 1480 nomine
1576 1450 1737 1491 designari

90 1498 301 1536 decreverint,
318 1499 402 1531 sicut
417 1499 457 1531 de
468 1497 767 1540 Augustidunensih
782 1499 931 1541 episcopo
948 1500 981 1531 in
997 1500 1162 1541 epistolis⁴
1179 1501 1266 1532 beati
1285 1501 1428 1542 Gregorii
1444 1501 1588 1542 legimus.
1605 1503 1736 1540 Quanto

88 1552 190 1593 magis
206 1552 267 1583 iste
283 1552 448 1594 religiosus
464 1556 497 1584 et
513 1553 562 1584 vir
578 1556 694 1584 cautus
716 1552 749 1584 in
765 1552 951 1585 huiusmodi
967 1564 1000 1584 se
1016 1551 1145 1585 efferre¹
1162 1554 1317 1585 noluisset
1333 1559 1392 1586 aut
1408 1555 1561 1596 praeferri
1577 1556 1736 1597 despectis

89 1615 126 1636 ac
148 1606 382 1647 praetermissis
403 1606 517 1637 ceteris
538 1606 735 1647 coepiscopis
756 1606 968 1647 permisisset!
991 1607 1065 1638 Huc
1087 1607 1223 1644 accedit,
1247 1608 1323 1649 quia
1345 1608 1462 1639 fratres
1484 1609 1585 1639 nostri
1608 1613 1641 1640 et
1661 1620 1735 1640 con-

89 1659 272 1690 sacerdotes
300 1659 397 1690 surda
424 1670 501 1690 aure
529 1670 595 1690 non
622 1659 809 1690 debuissent
836 1660 974 1691 transire
1001 1659 1182 1692 Salomonis
1210 1661 1335 1692 dictum
1362 1660 1678 1699 commonitoriumk‚
1708 1663 1734 1694 si
1748 1672 1948 1697 νςι.Μ1ο11,7,ιε·,.

89 1722 129 1742 ex
146 1711 239 1743 nobis
256 1716 315 1743 aut
333 1711 449 1743 auditu
467 1716 526 1743 aut
544 1712 662 1753 scripto
682 1713 839 1754 quiddam
857 1713 978 1744 sinistri
997 1717 1119 1745 secreto
1138 1714 1348 1755 accepissent,
1369 1719 1406 1745 ut
1424 1726 1637 1756 praepropere
1655 1715 1734 1747 illud

88 1764 121 1796 in
146 1764 312 1806 publicum
337 1776 541 1807 quacumque
565 1764 748 1798 mobilitate
772 1770 884 1797 nostra
909 1766 1000 1803 moti,
1028 1764 1130 1798 unde¹
1155 1778 1220 1798 non
1245 1778 1357 1799 sumus
1380 1768 1509 1805 conscii⁷
1536 1768 1577 1799 ad
1602 1773 1733 1800 conten-

88 1817 192 1849 tiones
209 1822 242 1849 et
259 1818 362 1859 iurgia
379 1817 602 1860 propalarent;
619 1818 667 1850 ait
683 1819 784 1850 enim:
800 1819 905 1857 ‘Quae
922 1820 1075 1851 viderunt
1092 1820 1175 1851 oculi
1192 1821 1252 1857 tui,
1270 1832 1310 1852 ne
1328 1821 1471 1862 proferas
1488 1821 1521 1852 in
1538 1822 1639 1862 iurgio
1657 1822 1733 1859 cito,
1748 1832 1815 1852 Prov.
1829 1834 1865 1857 25,
1876 1834 1895 1852 a,

89 1882 127 1902 110
152 1875 265 1912 postea
289 1872 460 1903 emendare
484 1882 549 1902 non
573 1872 685 1913 possis,
710 1883 785 1904 cum
810 1873 1074 1904 dehonestaveris
1098 1873 1240 1905 amicum
1263 1874 1381 1905 tuum?

173 1923 298 1956 Scimus
319 1928 440 1962 tamen,
464 1925 541 1966 quia
563 1929 640 1956 sunt
662 1925 817 1963 nonnulli,
841 1925 907 1967 qui,
931 1926 1010 1958 dum
1032 1926 1104 1968 plus
1126 1938 1237 1968 sapere
1259 1938 1359 1968 quam
1381 1931 1512 1968 oportet
1533 1938 1645 1969 sapere
1668 1932 1734 1959 stu-

88 1978 176 2014 dent,
195 1988 213 2008 0
231 1977 483 2019 proximorumm
498 1989 576 2020 pace
591 1978 748 2016 resiliunt,
767 1979 846 2010 dum
861 1990 915 2010 eos
932 1979 1029 2010 velud
1047 1979 1156 2011 ebetes
1173 1980 1355 2021 stultosque
1372 1984 1621 2022 contempnunt.
1639 1981 1734 2013 Unde

89 2041 144 2071 per
163 2041 195 2061 se
216 2030 335 2062 veritas
354 2031 509 2063 admonet
528 2031 652 2063 dicens:
670 2031 814 2064 ‘Habete
833 2032 865 2063 in
886 2032 979 2064 vobis
999 2032 1046 2064 sal
1065 2037 1098 2063 et
1117 2044 1231 2074 pacem
1251 2033 1368 2064 habete
1387 2034 1471 2065 inter
1491 2034 1570 2071 vos’‚
1592 2038 1629 2065 ut
1648 2035 1733 2075 quis·
1748 2046 1817 2066 Marc.
1830 2047 1848 2069 9,
1860 2048 1894 2066 49.

88 2083 159 2124 quis
177 2083 294 2115 habere
311 2083 358 2115 sal
375 2084 553 2126 sapientiae
570 2085 692 2122 studet,
710 2089 802 2116 curet
819 2096 946 2117 11000000
964 2090 1023 2123 est,
1042 2087 1197 2127 quatinus
1214 2098 1233 2117 a
1250 2097 1329 2128 pace
1346 2087 1536 2118 concordiae
1554 2098 1734 2128 numquam

87 2136 226 2168 recedat.
254 2136 349 2168 Unde
374 2137 561 2169 terribiliter
588 2138 708 2170 Paulus
734 2139 890 2170 admonet
917 2139 1040 2170 dicens:
1066 2139 1199 2171 ‘Pacem
1222 2140 1395 2181 sequimini
1422 2151 1497 2172 cum
1523 2140 1673 2172 omnibus
1699 2145 1733 2172 et
1747 2151 1818 2172 Hebr.
1830 2153 1863 2176 12,
1876 2153 1910 2172 14.

87 2190 345 2228 sanctimoniam,
367 2190 435 2222 sine
457 2201 522 2232 qua
543 2202 637 2223 nemo
659 2191 786 2223 videbit
807 2192 934 2223 Deum?
959 2192 1133 2233 Praecipue
1155 2196 1267 2224 autem
1288 2204 1346 2224 nos
1367 2204 1440 2225 eam
1461 2204 1588 2225 servare
1609 2197 1642 2224 et
1663 2205 1731 2235 per—

88 2242 186 2283 sequi,
204 2243 238 2274 id
255 2246 305 2274 est
322 2243 463 2285 perfecte
481 2244 582 2286 sequi,
601 2244 767 2282 debemus,
787 2245 843 2286 qui
858 2245 926 2276 Deo
944 2245 1064 2276 cotidie
1082 2245 1260 2277 sacrificare
1278 2246 1433 2278 debemus
1451 2250 1484 2277 et
1502 2247 1639 2278 veritate
1657 2258 1731 2277 0011-

87 2299 228 2327 testante
250 2295 430 2338 specialiter
452 2297 545 2338 quasi
566 2298 791 2339 praecipimur,
814 2301 861 2335 ut,
882 2297 922 2329 ‘si
943 2297 1116 2330 offeramus
1137 2310 1256 2330 munus
1277 2303 1426 2331 nostrum
1446 2300 1488 2330 ad
1510 2299 1611 2331 altare
1633 2303 1666 2330 et
1686 2300 1731 2331 ibi
1747 2311 1943 2335 Matth.5,23.24.

87 2349 245 2380 recordati
262 2350 427 2387 fuerimus,
446 2351 523 2391 quia
541 2351 640 2382 frater
658 2354 767 2382 noster
784 2350 884 2382 habet
900 2350 1023 2392 aliquid
1040 2352 1214 2384 adversum
1231 2363 1299 2389 nOS,
1317 2352 1536 2394 relinquamus
1553 2352 1597 2384 ibi
1614 2364 1731 2384 munus

88 2405 234 2433 nostrum
253 2406 329 2434 ante
349 2402 452 2434 altare
471 2407 505 2435 et
524 2414 635 2435 eamus
655 2404 743 2446 prius
763 2403 960 2435 reconciliari
980 2404 1072 2435 fratri
1092 2409 1202 2436 nostro
1223 2409 1256 2436 et
1274 2409 1353 2436 tunc
1374 2406 1540 2436 venientes
1560 2405 1731 2437 offeramus

170 2545 193 2573 ⁸¹)
211 2547 298 2568 nostre
312 2546 335 2568 1.
425 2544 450 2575 ι))
466 2550 506 2570 est
523 2546 657 2570 humilitas
673 2548 697 2571 2.
783 2549 806 2576 c)
825 2554 840 2569 a
854 2548 877 2570 1.
970 2545 995 2576 d)
1013 2555 1043 2571 eo
1056 2548 1080 2571 3.
1166 2549 1189 2577 e)
1208 2547 1334 2571 lactenter
1348 2549 1370 2571 1.
1456 2546 1475 2577 ¹)
1494 2549 1521 2571 in
1539 2548 1585 2571 1100
1604 2549 1657 2578 ipse
1670 2549 1693 2575 2,
1707 2549 1730 2571 3.

89 2588 111 2615 Β)
129 2587 219 2618 Neque
237 2589 274 2612 1¹².
375 2587 400 2619 ¹¹)
419 2590 651 2621 Augustudunensi
668 2592 692 2618 2,
710 2592 734 2615 3.
838 2587 857 2620 ἰ)
876 2590 966 2614 offerre
990 2592 1012 2614 1.
1114 2589 1140 2621 k)
1159 2592 1377 2616 eommonitorum
1391 2593 1413 2617 1.
1427 2593 1452 2619 .3;
1473 2592 1669 2615 commonitoris
1690 2590 1730 2615 3¹).

89 2628 106 2660 ¹)
125 2631 184 2654 inde
198 2632 219 2659 1,
233 2633 256 2656 2.
342 2635 375 2663 m)
393 2635 512 2664 proximo
526 2636 549 2659 2.

182 2737 206 2767 l)
227 2736 255 2762 S.
280 2737 345 2763 oben
368 2737 396 2764 S.
410 2739 426 2764 6
449 2739 483 2764 A.
496 2740 522 2765 9.
636 2740 663 2771 2)
681 2740 736 2765 Von
758 2739 879 2769 Valence,
910 2739 959 2771 zyl.
988 2739 1053 2765 oben.
1075 2739 1104 2765 S.
1118 2740 1151 2766 45
1176 2741 1248 2766 A.1.
1358 2741 1386 2772 3)
1407 2740 1622 2769 Nr.175—177‚
1647 2740 1726 2772 Corp.

85 2779 195 2805 Vindob.
219 2780 262 2810 44,
285 2781 371 2815 652ff.
466 2784 493 2815 4)
515 2784 561 2809 An
580 2783 715 2816 syayrius
733 2792 783 2809 von
802 2784 906 2813 Autan,
929 2783 991 2815 Req.
1001 2783 1049 2813 VI,
1069 2784 1112 2810 52.
1133 2785 1197 2810 ΜΘ.
1217 2784 1305 2817 Epist.
1319 2784 1344 2813 I,
1364 2784 1416 2809 427
1437 2784 1640 2816 (J.-E.1438).
