2272 3197
91 767 118 786 10

91 1032 117 1051 15

88 1297 115 1316 20

87 1562 114 1582 85

85 1828 112 1847 30

85 2412 112 2429 40

86 2660 113 2678 41»

726 189 911 215 HINKMAR
933 189 1011 215 VON
1033 189 1153 216 REIMS
1175 190 1220 215 37.
1762 190 1800 219 15

145 278 218 315 nisi,
239 281 277 309 ut
294 288 373 309 cum
392 288 471 319 pace
485 282 593 310 vestra
608 278 727 316 dicam,
748 279 834 310 sicut
852 282 885 310 et
903 279 983 310 dicit
1000 278 1181 320 apostolus,
1199 279 1277 320 quia
1297 279 1360 310 scio
1380 289 1438 310 vos
1457 279 1585 311 ‘habere
1605 279 1723 317 zelum,
1743 281 1798 312 sed
1823 283 1999 313 849—850.

144 341 210 362 non
224 331 406 362 secundum
420 331 614 369 scientiam’,
633 335 667 362 01
680 331 750 362 ideo
765 331 868 363 talem
881 331 1045 373 quidem⁸,
1061 332 1149 372 [seda
1162 332 1264 373 si]ne’²
1277 332 1470 364 discretione
1481 352 1525 356 —
1537 343 1616 364 cum
1629 333 1799 374 apostolus
1814 344 1882 364 Rom.
1895 343 1930 368 ιο,
1941 344 1962 363 2.

143 384 247 416 dicat:
260 383 415 416 ‘Probate
430 384 577 426 spiritus,
593 384 620 416 si
634 396 676 416 ex
689 385 757 416 Deo
773 385 863 416 sunt’
876 404 930 423 —,
947 385 1020 425 [ita]
1038 389 1076 416 ut
1090 385 1192 417 etiam
1207 385 1276 417 loca
1290 389 1399 418 vestra
1413 386 1570 427 quidam¹²
1583 386 1625 417 ad
1639 386 1710 418 eius
1723 397 1798 427 sug·
1815 399 1834 416 1.
1847 397 1896 418 1011.
1906 397 1927 421 4,
1942 398 1962 417 1.

141 437 324 478 gestionem
338 436 390 468 vel
405 437 584 479 imperium
598 437 835 475 deserueritis=23
855 449 933 469 cum
954 449 1227 480 unumquemque
1245 442 1396 470 vestrum
1415 439 1501 470 sicut
1520 442 1554 470 et
1574 449 1798 480 unumquem—

143 500 207 531 que
222 493 374 521 nostrum
390 494 523 522 moneat
537 491 716 533 scriptura:
729 491 777 522 ‘Si
791 491 928 533 spiritus
942 495 1143 532 potestatem
1156 491 1307 523 habentis
1320 492 1503 523 ascenderit
1517 503 1614 534 super
1628 496 1672 529 te,
1689 492 1799 524 locum
1812 503 1899 524 Eccies.
1911 504 1945 527 10,
1956 505 1977 523 4.

141 547 242 575 tuum
256 554 296 574 ne
308 543 494 580 dimiseris’,
509 544 542 575 id
555 548 605 575 est
618 544 645 575 si
658 544 693 575 in
705 543 815 585 aliquo
829 544 1089 585 tempta-tionem
1102 544 1255 576 inmundi
1268 545 1405 586 spiritus
1417 549 1478 576 aut
1491 556 1548 587 per
1569 545 1666 577 illum
1686 546 1798 587 ipsum

140 600 201 628 aut
217 607 274 638 per
289 607 451 637 organum
467 596 555 628 111108
570 600 685 628 contra
701 600 734 628 te
751 597 887 628 senseris
904 596 1099 638 praevalere,
1118 608 1157 628 ne
1173 597 1325 629 dimittas
1340 597 1451 630 locum
1468 599 1702 640 paenitentiae,
1720 599 1797 640 quia

141 647 252 681 locusd
269 647 372 680 tuusd
390 649 480 680 locus
497 653 547 681 est
564 649 775 682 humilitatis.
792 649 837 681 Et
853 649 985 690 quando
1003 649 1122 690 aliquis
1139 654 1289 681 vestrum
1306 650 1417 682 locum
1434 651 1599 683 reclusum
1617 655 1651 683 et
1667 651 1708 683 ab
1726 651 1798 683 aliis

140 702 329 734 hominibus
350 706 556 744 segregatum
576 703 728 744 expetiit,
747 703 827 744 quid
847 701 937 733 aliud
956 712 1059 743 quam
1080 701 1191 734 locum
1210 703 1432 744 paenitentiae
1452 705 1619 746 appetiit?
1641 705 1705 736 Ubi
1728 716 1798 746 per-

142 766 284 793 manere,
302 766 368 786 non
384 759 469 786 retro
486 756 644 798 respicere
660 767 718 787 nec
734 755 850 786 altiora
866 759 900 786 te
915 765 1080 796 quaerere,
1096 755 1235 796 quisque
1251 766 1295 793 08,
1312 756 1420 794 debes,
1435 758 1513 798 quia
1529 757 1638 789 ‘nemo
1658 758 1795 789 mittens
1806 771 1856 795 Vgi.
1868 771 1936 792 Eoeu.
1949 772 2010 795 ³,22.

142 819 281 840 manum
300 808 335 839 111
354 812 505 840 aratrum
524 812 558 840 et
578 809 752 850 respiciens
772 812 857 840 retro
876 811 978 849 aptus
997 811 1047 839 est
1066 818 1163 849 regno
1184 809 1268 840 Dei’.
1287 809 1333 840 Et
1351 809 1494 841 terribile
1514 814 1564 842 est
1582 810 1689 848 valde,
1709 811 1798 852 quod
1814 824 1900 849 rums,
1913 825 1947 845 62.

141 861 323 893 secundum
348 861 552 893 Hieremiam
575 862 772 903 prophetam
792 861 960 902 octoginta
982 861 1055 898 viri,
1078 862 1136 902 qui
1159 861 1339 902 portabant
1362 873 1498 894 munera
1522 863 1556 894 in
1581 864 1734 895 manibus
1755 865 1797 896 ad
1815 865 1968 911 vab-1331.

140 914 346 946 offerendum
360 915 395 946 in
409 914 577 956 templum
590 915 745 952 Domino,
761 915 796 945 in
813 914 917 945 medio
932 914 1079 945 civitatis
1094 914 1259 946 interfecti
1274 918 1354 945 sunt
1367 915 1408 946 ab
1424 926 1472 953 eo,
1487 916 1545 957 qui
1560 920 1683 958 typum
1697 918 1798 958 gessit

139 967 270 1005 diaboli,
291 968 439 1010 exceptis
458 969 582 1005 decem,
603 968 661 1009 qui
679 967 868 999 habuerunt
888 967 1082 999 thesaurum
1101 967 1137 998 in
1157 970 1243 999 terra
1263 968 1374 999 hordei
1394 972 1428 999 et
1450 968 1565 1006 mellis,
1586 970 1707 1010 quibus
1727 971 1794 1002 the-

140 1032 257 1053 saurus
284 1021 508 1062 poenitentiae
533 1021 734 1062 designatur.
760 1020 805 1052 Et
831 1020 875 1051 sic
901 1020 958 1061 qui
984 1023 1134 1052 vestrum
1166 1020 1278 1052 locum
1305 1022 1528 1062 paenitentiae
1554 1023 1794 1064 expetierunte,

138 1074 255 1106 altiora
277 1085 310 1105 se
332 1078 536 1115 quaerentes,
556 1085 634 1106 cum
656 1084 689 1105 se
712 1073 800 1114 ipsos
821 1073 934 1104 docere
957 1084 1023 1104 non
1044 1077 1209 1114 poterant,
1229 1074 1381 1114 gentium
1403 1074 1585 1115 apostolos¹
1607 1086 1640 1106 se
1663 1076 1793 1108 futuros
1804 1091 1928 1113 vmfficcst
1944 1093 2009 1115 3,22.

139 1128 308 1159 iactarunt
329 1131 362 1158 et
383 1127 426 1159 ad
447 1131 581 1159 tantam
603 1130 682 1158 sunt
702 1126 950 1167 corruptionem
972 1125 1130 1164 devoluti,
1156 1131 1193 1157 ut
1217 1127 1358 1158 minores
1381 1139 1413 1158 se
1436 1127 1516 1169 ipsis
1539 1128 1629 1166 facti,
1654 1128 1716 1160 nisi
1740 1140 1796 1170 per

140 1180 381 1222 poenitentiam
401 1181 512 1212 redeat
531 1180 627 1211 ruina
646 1178 768 1211 diaboli
788 1179 974 1221 intercepti,
996 1180 1098 1211 etiam
1117 1191 1136 1210 a
1158 1180 1266 1211 ianuis
1286 1180 1448 1218 ecclesiae,
1471 1182 1653 1222 praesentis
1673 1181 1797 1213 scilicet

138 1238 171 1265 et
189 1235 330 1271 futurae,
344 1234 459 1265 merito
470 1233 612 1265 debeant
627 1236 661 1264 et
677 1233 805 1274 possint
820 1233 921 1264 arceri
938 1236 981 1269 01,
996 1233 1055 1274 qui
1072 1244 1104 1264 se
1121 1233 1291 1265 iactabant
1308 1233 1395 1265 fieriss
1410 1234 1622 1265 ‘eruditoresh
1640 1234 1796 1276 insipien·
1816 1252 1880 1271 nom.
1891 1253 1911 1275 2,
1923 1252 1958 1272 20.

138 1287 237 1319 tium’
261 1288 308 1327 [et
329 1288 462 1328 panem]
487 1286 677 1328 petentibus
700 1286 856 1327 frangere,
880 1285 975 1323 lacte,
1000 1297 1065 1317 non
1088 1286 1189 1318 solido
1212 1286 1283 1318 cibo
1305 1298 1390 1328 opus
1412 1287 1565 1318 habeant.
1813 1304 2007 1328 vg.‚ffi2‚,‚5‚22‚

230 1340 430 1380 Perve[nit]¹
450 1339 553 1371 etiam
570 1339 613 1370 ad
631 1339 850 1380 exiguitatem
871 1343 1029 1377 nostram,
1049 1340 1126 1380 quia
1147 1340 1235 1371 idem
1254 1340 1354 1371 frater
1373 1344 1407 1371 et
1425 1340 1601 1382 complices
1621 1341 1672 1372 sui
1690 1342 1729 1372 de
1748 1342 1795 1372 vi-

136 1393 241 1425 dendo
260 1394 370 1424 Deum
397 1392 504 1424 multa
530 1396 564 1424 et
590 1392 724 1423 subtilia
743 1392 837 1433 quasi
858 1392 982 1424 rimans
1003 1396 1263 1434 perscrutaretur
1283 1397 1317 1424 et
1335 1393 1430 1425 aliter
1449 1404 1552 1435 quam
1571 1394 1722 1426 debuerit
1740 1395 1794 1426 do-

136 1458 206 1478 cere
230 1446 498 1488 praesumpserit,
524 1445 627 1486 magis
649 1457 778 1483 curans,
802 1445 943 1486 qualiter
965 1446 1131 1477 debuisset
1152 1447 1263 1478 Deum
1284 1446 1404 1483 videre,
1427 1458 1531 1488 quam
1556 1451 1593 1478 111
1618 1452 1795 1479 mereretur

137 1498 233 1531 illum
250 1499 369 1531 videre.
391 1499 442 1531 Sic
463 1499 559 1536 fatui,
581 1498 639 1530 filii
658 1498 781 1530 Israhel
800 1499 945 1536 nomine,
966 1510 1031 1529 non
1054 1500 1181 1536 merito,
1202 1511 1268 1530 non
1287 1504 1518 1541 cognoscentes
1536 1511 1665 1538 verum,
1686 1501 1740 1532 sed
1760 1502 1794 1532 in

136 1553 302 1584 desideriis
319 1556 354 1584 et
370 1553 526 1594 appetitu
545 1552 651 1583 laudis
668 1552 834 1584 humanae
852 1556 1043 1583 aestuantes
1061 1553 1158 1584 surda
1176 1564 1255 1584 aure
1274 1557 1508 1594 pertranseunt
1525 1554 1614 1595 quod
1632 1554 1795 1595 scriptum

136 1610 200 1637 est:
213 1605 354 1638 ε8001110
367 1606 406 1638 (10
418 1606 561 1637 Domino
577 1606 611 1637 in
624 1605 773 1637 bonitate
787 1609 820 1636 et
834 1606 868 1636 in
882 1605 1096 1647 simplicitate
1109 1606 1214 1637 cordis
1234 1607 1382 1647 quaerite
1404 1606 1522 1638 illum’.
1536 1608 1581 1638 Et
1595 1618 1661 1638 non
1675 1612 1794 1639 curant
1812 1626 1862 1647 sup,
1878 1627 1895 1647 ι,
1908 1627 1926 1644 ,-

138 1659 295 1691 mundare
312 1660 408 1691 corda
426 1663 460 1690 et
476 1669 612 1700 corpora
630 1669 700 1696 sua,
721 1663 758 1689 ut
776 1658 963 1690 efficiantur
980 1669 1058 1690 vasa
1076 1659 1213 1701 spiritus
1224 1663 1237 1680 ¹³
1256 1660 1372 1697 sancti,
1390 1661 1551 1701 quatinus
1568 1660 1614 1691 eis
1630 1661 1795 1692 Dominus

136 1723 194 1744 sua
211 1713 351 1744 archana
368 1712 558 1753 dignaretur
576 1712 716 1743 revelare
733 1716 768 1743 et
784 1723 841 1754 per
858 1723 912 1743 eos
928 1723 1012 1753 quae
1029 1723 1105 1744 vera
1122 1717 1203 1744 sunt
1219 1713 1292 1745 aliis
1309 1713 1492 1750 intimare¹‚
1510 1725 1589 1745 cum
1606 1713 1743 1754 legerint
1760 1718 1793 1745 et

137 1765 355 1807 neglexerint:
377 1765 431 1796 ‘In
457 1765 647 1797 malivolam
669 1765 820 1797 animam
844 1776 910 1796 non
935 1765 1074 1797 intrabit
1097 1766 1271 1807 sapientia’
1296 1770 1329 1797 et
1351 1766 1502 1808 ‘spiritus
1526 1771 1661 1798 sanctus
1683 1768 1794 1798 aufert
1811 1773 1926 1822 3235}-

136 1830 168 1851 se
187 1830 207 1850 a
225 1818 492 1860 cogitationibus,
512 1829 596 1860 quae
617 1822 697 1850 sunt
717 1818 786 1850 sine
807 1817 1001 1856 intellectu',
1021 1818 1068 1850 ‘et
1088 1830 1154 1850 non
1174 1819 1338 1851 habitabit
1358 1820 1391 1851 in
1412 1831 1545 1861 corpore
1566 1820 1697 1851 subdito
1720 1831 1792 1862 pec·
1810 1813 1926 1861 Sap-114:

135 1872 240 1904 catis’,
260 1872 306 1903 Et
325 1872 456 1903 videtur
478 1872 572 1903 nobis
593 1872 664 1903 eis.m
683 1872 831 1913 coaptari
851 1882 955 1913 posse,
975 1873 1063 1913 quod
1086 1872 1201 1904 infelix
1222 1873 1412 1904 adulescens
1433 1874 1562 1904 dixerat
1583 1873 1793 1911 constrictus,

135 1926 192 1967 qui
208 1925 376 1967 templum
395 1936 531 1966 magnae
548 1925 674 1957 Dianae
691 1925 881 1956 incenderat
896 1925 1028 1967 Ephesi.
1052 1925 1245 1967 Requisitus
1264 1937 1416 1968 namque,
1435 1937 1493 1958 cur
1510 1930 1648 1958 tantum
1666 1927 1794 1958 facinus

136 1979 384 2020 perpetraverit,
400 1978 603 2020 responditlz
632 1983 674 2009 Ut
692 1982 761 2017 quia
782 1982 863 2009 bonis
882 1982 1021 2008 innotesci
1040 1991 1096 2009 non
1118 1986 1256 2016 poteram,
1283 1983 1384 2010 saltem
1402 1984 1448 2009 vel
1468 1984 1550 2010 malis
1569 1984 1760 2010 innotescerer
1770 1987 1791 2009 ¹².

226 2031 289 2063 His
312 2032 359 2063 ita
382 2032 598 2073 praemissis0,
623 2031 682 2063 filii
705 2031 870 2073 simplices
891 2033 1080 2063 communis
1104 2033 1219 2064 matris
1242 2037 1372 2064 nostrae
1395 2037 1527 2064 sanctae
1549 2033 1722 2065 Remensis
1744 2044 1792 2064 00-

86 2101 97 2112 0
134 2085 260 2123 clesiae,
281 2096 320 2116 ne
340 2096 397 2127 pro
416 2085 591 2116 devotione
611 2085 722 2117 minus
740 2089 838 2116 cauta
857 2085 1137 2117 circumferamini
1155 2086 1248 2118 omni
1265 2090 1365 2118 vento
1384 2087 1564 2124 doctrinae,
1583 2098 1632 2124 ea,
1651 2097 1735 2127 quae
1754 2087 1792 2118 de

136 2138 366 2180 suprascriptis
389 2138 546 2170 catholice
571 2142 680 2170 tenere
703 2138 840 2175 debetis,
865 2149 907 2169 ex
929 2149 1005 2179 agro
1031 2138 1148 2180 plenov
1172 2144 1305 2171 sanctae
1329 2140 1522 2181 scripturae,
1546 2140 1600 2171 cui
1622 2139 1793 2171 benedixit

134 2191 307 2229 Dominus,
329 2196 362 2223 et
381 2192 642 2223 hortodoxorum
662 2196 799 2233 patrum
820 2190 1111 2233 explanationibus
1130 2192 1344 2234 capitulatim
1363 2193 1456 2224 vobis
1477 2204 1535 2235 pro
1556 2192 1619 2224 loci
1639 2197 1673 2224 et
1692 2192 1792 2224 officii

136 2255 225 2276 meae
249 2244 459 2286 indignitati‘l
482 2245 651 2276 commissi
675 2244 837 2286 qualitate
860 2243 1009 2285 colligere
1033 2245 1158 2282 studui,
1180 2257 1220 2277 ne
1243 2250 1305 2277 aut
1327 2246 1536 2277 dubitatione
1560 2246 1709 2277 hesitetis
1731 2250 1792 2277 aut

134 2297 323 2339 insipientia
351 2297 511 2329 deliretisr
538 2302 598 2329 aut
626 2308 855 2339 perversorum
882 2297 1078 2329 infidelitate
1098 2298 1270 2340 depravati
1298 2299 1333 2330 in
1354 2300 1495 2340 va[num
1515 2299 1686 2339 cur]ratis;
1714 2299 1791 2340 quia

217 2407 241 2435 ³)
259 2405 293 2429 So
302 2406 394 2430 Gandl.
409 2420 438 2423 —-
452 2406 561 2430 Unlclare
570 2406 652 2430 Stella.
722 2404 746 2435 b)
765 2406 798 2429 So
810 2406 840 2429 Β.
908 2408 930 2434 ⁰)
950 2406 1009 2429 dese
1018 2404 1108 2437 seritis
1118 2407 1148 2429 Β.
1219 2405 1243 2435 ⁴¹)
1264 2415 1318 2430 -cus
1329 2410 1390 2430 tuus
1400 2407 1446 2436 aas
1456 2407 1516 2430 Ros.
1528 2407 1558 2430 B.
1627 2409 1650 2435 e)
1669 2409 1790 2436 expetere

136 2449 279 2473 debuerunt
299 2450 362 2474 verb.
374 2450 466 2474 Gundl.
571 2449 590 2479 ί)
609 2450 722 2481 apostoli
740 2450 770 2473 Β.
867 2452 890 2479 8)
912 2450 1039 2474 Teilweixc
1056 2451 1102 2481 αἰιΙ
1121 2451 1181 2474 Bas.
1202 2451 1232 2474 Β.
1336 2450 1360 2481 ¹¹)
1380 2452 1387 2474 i
1404 2451 1481 2475 durch
1500 2452 1560 2474 Rus.
1577 2458 1625 2473 (1118
1643 2459 1658 2474 11
1678 2450 1739 2473 verb.
1759 2450 1789 2473 B.

138 2490 156 2521 ί)
173 2493 258 2518 Freier
272 2494 355 2517 Raum
367 2502 413 2518 von
427 2497 488 2518 etwa
501 2495 516 2519 8
532 2495 642 2521 Buchst„
656 2494 716 2519 doch
729 2494 831 2518 braucht
844 2494 952 2518 weiterer
968 2495 1031 2518 Text
1043 2494 1111 2519 nicht
1122 2503 1152 2518 zu
1165 2495 1243 2526 jehlon
1263 2496 1292 2519 B.
1380 2494 1405 2525 k)
1424 2504 1435 2518 s
1450 2503 1492 2518 am
1507 2495 1578 2519 Ende
1593 2495 1656 2518 verb.
1671 2502 1718 2518 aus
1734 2495 1741 2517 i
1758 2494 1789 2518 B.

137 2535 155 2565 ¹)
173 2538 274 2561 itimare
292 2538 322 2562 B.
420 2541 453 2568 m)
471 2540 526 2563 eius
541 2539 571 2562 Β.
667 2541 691 2568 ¹¹)
711 2540 869 2563 innotescere
884 2539 914 2562 Β.
1010 2541 1033 2568 ⁰)
1052 2540 1172 2575 premisis
1186 2540 1216 2563 B.
1311 2542 1334 2569 D)
1353 2540 1430 2570 plena
1444 2540 1474 2563 B.
1565 2541 1590 2568 (¹)
1609 2539 1738 2569 indignati
1759 2539 1789 2561 Β.

140 2583 159 2607 Γ)
178 2581 228 2605 Am
247 2582 334 2606 Raude
350 2590 397 2606 von.
413 2583 474 2607 alter
492 2583 739 2607 Korrektorevzhand:
756 2583 871 2607 deliretis
887 2583 914 2606 id
930 2586 969 2606 est
987 2584 1121 2607 1118301οῐ18
1140 2584 1170 2607 Β.

193 2672 194 2676 ,
208 2656 213 2688 j
231 2651 256 2682 1)
277 2651 453 2678 Herostmtos.
472 2668 507 2671 —
519 2652 576 2686 Vql.
586 2653 784 2686 Hieronymus,
795 2652 837 2678 De
849 2655 981 2686 perpetua
994 2652 1149 2686 virginitate
1162 2653 1185 2678 b.
1198 2653 1310 2679 Mariae
1327 2653 1402 2681 liber,
1414 2653 1448 2678 M
1450 2653 1512 2686 iqmz
1523 2653 1567 2682 23,
1580 2652 1647 2678 200:
1663 2651 1706 2677 Ut
1723 2651 1789 2685 quia

141 2694 209 2719 bene
232 2703 289 2720 non
311 2698 450 2729 poteram,
475 2696 546 2723 male
572 2697 706 2723 omnibus
728 2697 945 2723 innotescerem.
969 2696 998 2722 S.
1022 2697 1093 2723 auch.
1116 2697 1148 2723 in
1169 2697 1230 2723 dem
1248 2697 1340 2730 Brieje
1362 2697 1408 2722 des
1426 2697 1538 2722 Herbert
1560 2695 1592 2722 de
1608 2696 1728 2728 Losinya
1750 2703 1788 2720 an

141 2738 319 2765 Normmmus
338 2739 384 2773 (0.
402 2740 556 2771 Erdman‘n,
574 2741 762 2773 Aueqewc'ihlte
780 2740 872 2774 Briefe
888 2749 940 2766 aus
963 2741 1010 2766 der
1026 2741 1167 2767 Salierzeit
1190 2741 1220 2767 S.
1235 2742 1270 2767 36
1272 2741 1301 2775 ):
1326 2741 1400 2772 Quia
1426 2741 1508 2766 bonis
1531 2741 1707 2766 innotescere
1731 2746 1788 2764 non

142 2785 278 2816 poteram,
294 2783 442 2810 innotesco
458 2785 505 2810 vel
520 2786 611 2812 malis.
