2220 3192
30 794 58 815 10

31 1060 57 1079 15

29 1326 57 1346 20

30 1591 57 1611 25

0 1841 57 1878 Ἰ30

31 2122 57 2144 ⁸5

32 2419 58 2440 40

32 2683 59 2704 45

647 218 833 244 HINKMAR
854 218 931 244 VON
952 217 1071 245 REIMS
1093 218 1152 244 136.
1684 216 1723 245 89

83 307 256 338 tummodo
271 317 350 337 cum
365 306 525 347 episcopis
540 306 601 337 sibi
616 306 707 348 loqui
722 307 842 339 liceret.
857 308 902 338 Et
917 307 1142 339 recedentibus
1156 307 1229 338 aliis
1244 317 1329 348 quae
1345 306 1406 338 sibi
1419 307 1491 338 visa
1508 307 1642 338 fuerunt
1658 307 1724 348 epi—

84 359 190 401 scopis
202 358 383 390 intimavit.
398 358 459 390 Cui
472 359 557 390 inter
569 363 676 390 cetera
689 360 846 391 dixerunt
859 360 1014 402 episcopi,
1027 361 1104 401 quia
1117 360 1157 392 de
1169 359 1304 398 talibus,
1318 371 1359 391 ex
1371 359 1492 401 quibus
1503 359 1703 401 Regimundi
1716 367 1729 381 ἢ

83 413 212 444 locutae
233 415 312 443 sunt
333 410 479 443 litteraeb
498 415 531 442 et
550 422 635 452 quae
656 423 714 453 per
735 414 885 445 omnium
905 424 988 455 pene
1009 425 1065 445 ora
1086 413 1121 444 in
1141 413 1248 455 regnis
1268 413 1421 455 plurimis
1439 412 1646 444 ventilantur
1656 417 1678 450 ⁰,
1700 413 1727 444 ei

84 463 174 498 nond
193 468 355 496 secretum
373 464 450 495 dare
469 464 645 496 consilium
665 475 770 506 neque
790 466 960 507 privatum
979 467 1147 498 decernere
1168 470 1301 508 possent
1322 466 1492 498 iudicium.
1521 467 1728 508 Quapropter

86 523 118 550 et
134 519 213 560 ipse,
228 518 317 558 quod
331 517 408 549 hinc
423 518 513 559 apud
529 528 562 549 se
577 521 658 555 erat,
675 518 709 549 in
726 519 876 551 omnium
890 519 978 550 dixit
991 519 1075 551 velle
1088 520 1200 551 venire
1216 519 1372 551 notitiam
1387 523 1421 550 et
1437 519 1656 551 necessarium
1672 530 1728 561 op—

84 573 187 604 tinere
201 570 377 602 consilium
391 574 424 601 et
439 570 567 602 salubre
583 570 644 601 sibi
657 571 786 602 decerni
801 572 976 603 iudicium:
990 572 1089 603 vellet
1103 577 1217 604 tamen
1233 573 1335 614 prius,
1352 577 1390 604 ut
1406 572 1551 614 synodus
1565 573 1728 614 patienter

83 625 152 657 eius
167 624 296 655 audiret
313 624 513 655 sententiam
529 627 562 654 et
577 627 659 654 tunc
675 624 811 656 demum
828 624 889 655 sibi
905 625 1041 656 donaret
1057 625 1231 657 consilium
1247 629 1281 657 et
1298 625 1522 667 promulgaret
1539 625 1727 657 iudicium1.

170 676 216 708 Et
240 680 278 708 ut
302 687 477 718 personam
500 676 588 708 illius
612 677 808 708 inducamus
832 677 1037 718 loquentem:
1061 677 1141 710 ‘Ut0
1162 678 1310 716 adsolet’,
1335 679 1487 720 inquiens
1512 678 1727 720 Stephanus⁶‚

82 731 129 762 ‘in
150 730 256 772 fragili
276 730 461 761 iuventutis
479 733 589 761 aetate
608 741 686 761 cum
706 730 851 771 quadam
873 731 994 762 femina
1016 731 1133 762 iuvene
1155 732 1234 763 mihi
1254 733 1420 763 convenit.
1461 731 1524 763 Sed
1544 735 1577 763 et
1596 732 1727 773 quando

81 787 216 825 tempus
233 783 312 815 mihi
327 783 473 820 advenit,
490 786 528 814 ut
545 794 631 814 more
643 781 653 801 f
667 783 964 824 praedecessorum5
982 795 1126 816 meorum
1139 782 1148 802 f
1162 783 1347 826 legitimum
1361 785 1555 827 coniugium
1571 789 1727 826 peterem,

84 847 149 868 una
168 847 246 868 cum
265 847 425 867 consensu
446 839 624 878 parentum
644 840 677 867 et
695 836 879 868 amicorum
900 848 1048 868 meorum
1068 838 1171 878 ipsius
1184 838 1403 879 Regimundie
1424 836 1480 869 uth
1494 836 1630 869 nobilis11
1642 836 1729 870 virih

83 889 186 921 filiam
209 890 290 921 meis
312 889 478 921 natalibus
499 892 745 931 competentem
766 890 855 931 apud
878 901 955 921 eum
977 890 1011 921 in
1033 891 1206 932 coniugem
1228 890 1373 933 legaliter
1395 891 1477 932 petii
1499 894 1532 922 et
1553 895 1728 933 optentam

81 943 226 985 legaliter
237 942 444 983 desponsavi.
459 943 500 974 In
515 954 566 974 me
578 946 693 974 autem
707 953 853 974 reversus
866 945 917 974 eti
931 943 1044 980 sciens,
1058 944 1137 984 quid
1148 947 1163 964 ¹¹
1177 945 1319 982 fecerim,
1329 945 1371 975 ad
1383 945 1602 976 confessorem
1616 956 1728 976 meum

82 996 210 1038 perrexi
230 999 263 1026 et
284 995 459 1027 consilium
479 996 549 1027 eius
569 996 732 1036 quaesivi:
755 999 804 1033 ut,
825 996 984 1036 quoniam
1006 996 1134 1028 iuvenis
1156 997 1290 1035 femina,
1311 1008 1390 1028 cum
1410 1008 1475 1038 qua
1496 997 1620 1029 carnali
1640 1009 1727 1030 com-

82 1049 200 1082 mercio
216 1049 357 1080 mixtusl
373 1049 509 1086 fueram,
522 1049 707 1090 propinqua
722 1049 817 1080 istius
832 1049 959 1090 puellae
974 1050 1098 1087 extitit,
1109 1054 1142 1081 et
1155 1050 1336 1088 audieram,
1349 1051 1438 1091 quod
1451 1057 1497 1082 am
1510 1054 1629 1091 quarto
1643 1062 1727 1092 genu

82 1106 115 1134 et
134 1103 168 1134 in
189 1101 355 1143 reliquum
375 1102 595 1144 pertinentesn
616 1101 677 1133 sibi
696 1101 862 1143 copulario
882 1102 1058 1139 valerent2,
1081 1107 1195 1135 utrum
1214 1114 1293 1135 cum
1312 1104 1371 1135 hac
1391 1103 1610 1144 desponsatap
1632 1104 1730 1135 miliip

83 1155 210 1198 puellaD
224 1154 284 1186 sub
296 1155 499 1197 paenitentia
510 1155 636 1186 occulte
653 1166 789 1186 manens
805 1155 873 1186 sine
890 1166 961 1187 mea
976 1160 1009 1187 et
1024 1156 1127 1197 ipsius
1140 1160 1272 1188 aeterna
1287 1157 1525 1198 dampnatione
1540 1157 1573 1188 in
1588 1156 1728 1188 conubio

81 1209 173 1241 illam
194 1209 275 1240 mihi
295 1209 477 1250 potuissem
495 1209 701 1249 coniungere.
730 1208 793 1246 Qui
815 1209 959 1240 ostendit
981 1209 1060 1240 milii
1080 1209 1212 1247 librum,
1232 1216 1361 1250 quem11‚
1383 1214 1422 1241 ut
1442 1220 1546 1250 spem,
1566 1210 1729 1242 canones⁸

81 1261 291 1304 appellavit⁶¹‚
307 1265 340 1293 et
355 1261 433 1302 legit
447 1272 559 1293 coram
576 1272 637 1299 me,
653 1262 822 1302 quoniam,
836 1265 972 1298 quamdiu
989 1266 1097 1304 potest
1112 1265 1280 1292 adfinitatis
1295 1266 1514 1300 propinquitas
1528 1264 1727 1304 computari,

82 1315 162 1348 mihi
182 1326 240 1347 nec
259 1315 418 1355 cuiquam
438 1315 622 1346 Christiano
641 1325 720 1346 cum
738 1320 879 1355 cognata
900 1327 958 1346 sua
979 1319 1023 1345 vel
1044 1327 1131 1353 quam
1151 1322 1289 1353 cognatus
1309 1319 1412 1345 habuit
1430 1316 1484 1347 vel
1501 1327 1581 1348 cum
1600 1316 1728 1347 duabus

80 1368 228 1410 cognatis
247 1367 420 1399 salubriter
440 1367 549 1399 liceret
568 1368 738 1409 coniungir
759 1372 802 1405 et,
821 1369 981 1409 quamdiu
1002 1369 1036 1399 in
1056 1368 1116 1400 tali
1136 1368 1263 1400 incestu
1280 1380 1498 1406 maneremus,
1514 1380 1572 1400 nec
1592 1380 1649 1410 ego
1670 1380 1727 1401 nec

82 1421 137 1453 illa
158 1422 363 1453 fructuosam
383 1421 623 1462 paenitentiam
643 1432 736 1463 agere
757 1432 927 1463 possemus
949 1432 1052 1462 neque
1072 1422 1150 1453 talis
1170 1422 1313 1453 incestus
1334 1422 1396 1453 nisi
1416 1426 1595 1460 separatione
1616 1426 1728 1454 nostra

81 1474 122 1506 ab
140 1474 282 1506 invicem
298 1478 402 1505 sanari
418 1474 553 1506 valeret.
572 1475 701 1506 Interea
718 1475 837 1506 accidit
854 1475 1012 1506 discordia
1030 1475 1115 1506 inter
1132 1475 1293 1506 domnum
1311 1486 1419 1516 regem
1442 1476 1601 1507 seniorem
1620 1487 1728 1507 meum

82 1532 115 1560 et
130 1539 239 1560 meam
254 1528 476 1565 iuventutem,
493 1528 526 1558 in
540 1531 689 1565 tantum,
706 1532 744 1558 ut
759 1528 791 1559 in
809 1527 863 1558 illo
879 1539 976 1569 regno
991 1528 1090 1560 solide
1106 1539 1172 1559 non
1188 1535 1333 1569 possem⁸
1348 1528 1535 1560 subsistere.
1552 1528 1727 1570 Propterea

80 1592 121 1613 ex
138 1585 278 1622 utraque
296 1585 388 1623 parte
405 1581 604 1612 constrictus
620 1592 679 1612 nec
697 1582 843 1622 frangere
859 1581 1079 1622 desponsaliat
1097 1581 1190 1622 potui
1214 1592 1271 1612 nec
1289 1582 1428 1613 eandem
1446 1591 1602 1622 sponsam
1621 1593 1728 1613 meam

82 1635 116 1666 in
137 1635 311 1676 coniugem
332 1635 448 1666 ducere
470 1645 571 1665 ausus
594 1634 654 1672 fui,
678 1645 717 1666 ne
739 1645 817 1666 cum
839 1635 998 1666 discordia
1022 1635 1155 1666 senioris
1179 1635 1243 1666 mei
1265 1635 1368 1666 etiam
1391 1635 1496 1676 ipsius
1509 1634 1728 1676 Regimundiu

81 1691 132 1720 etv
149 1687 310 1719 nobilium
326 1691 501 1729 parentum
523 1688 609 1719 eiusV
624 1687 888 1719 accumularetur
902 1688 1060 1719 discordia
1076 1691 1109 1719 et
1125 1688 1167 1718 sic
1183 1691 1243 1719 aut
1257 1687 1296 1719 de
1311 1698 1408 1729 regno
1425 1688 1576 1719 funditus
1596 1687 1729 1729 pellerer

81 1744 152 1778 aut,
173 1741 200 1772 si
220 1741 255 1772 in
274 1751 371 1782 regno
394 1752 524 1772 manere
542 1740 672 1778 vellem,
693 1740 931 1772 occumberem.
951 1741 996 1772 Et
1015 1741 1132 1772 idcirco
1153 1751 1210 1782 per
1228 1740 1293 1772 duo
1315 1740 1436 1782 placita
1452 1740 1644 1782 subterfugi,
1667 1748 1728 1772 new

84 1805 239 1836 sponsam
258 1805 366 1826 meam
383 1794 418 1825 in
434 1794 608 1836 coniugem
625 1794 789 1826 ducerem.
809 1794 955 1826 Tandem
973 1798 1087 1826 autem
1105 1794 1298 1826 necessitate
1314 1793 1516 1835 compulsus,
1534 1794 1612 1835 quia
1629 1805 1728 1826 causa

83 1847 162 1879 mihi
175 1848 215 1879 de
228 1848 299 1879 vita
314 1847 472 1885 instabat,
487 1847 599 1879 dotavi
614 1858 687 1879 eam
702 1851 735 1879 et
750 1847 890 1889 publicis
905 1848 1032 1888 nuptiis
1044 1847 1241 1879 honoratam
1255 1847 1377 1888 accepi.
1393 1846 1456 1878 Sed
1470 1858 1511 1878 ne
1526 1847 1629 1884 illam,
1644 1858 1728 1888 quae

81 1908 178 1932 sanax
201 1901 326 1932 adhuex
350 1904 432 1938 erat,
458 1911 589 1932 mecum
613 1901 781 1942 perderem
805 1904 838 1932 et
864 1901 943 1932 mihi
966 1900 1171 1932 cumulatius
1194 1900 1415 1942 perditionem
1437 1900 1654 1941 adquirerem,
1680 1901 1728 1931 in-

80 1958 207 1986 tactam
220 1954 381 1986 hactenus
395 1964 586 1985 conservare
600 1954 758 1996 disposui.
774 1954 819 1985 Et
833 1954 992 1995 quoniam
1007 1954 1054 1985 ita
1071 1965 1103 1984 se
1119 1953 1256 1984 rationis
1270 1954 1393 1984 veritas
1410 1964 1466 1995 per
1482 1953 1594 1985 omnia
1609 1953 1729 1985 habeat

81 2011 114 2039 et
127 2018 193 2039 non
207 2006 281 2038 dolo
296 2017 401 2048 neque
414 2007 489 2038 odio
502 2008 587 2039 sivey
600 2007 776 2050 despectuz
789 2007 928 2038 alicuius
947 2010 1008 2038 aut
1021 2017 1130 2038 amore
1145 2006 1286 2038 feminae
1299 2006 1446 2044 alterius,
1461 2006 1524 2038 nisi
1538 2006 1623 2038 sicut
1636 2006 1729 2038 vobis

82 2061 178 2092 modo
198 2060 266 2092 Deo
288 2064 373 2092 teste
396 2061 537 2098 narravi,
559 2061 656 2092 haecss
678 2061 809 2102 egerim,
831 2060 1065 2101 qualicumque
1088 2060 1183 2091 modo
1204 2059 1297 2090 vobis
1319 2059 1438 2101 placet,
1462 2070 1520 2101 per
1543 2071 1595 2091 me
1616 2060 1728 2101 ipsum

80 2116 131 2145 eth
148 2116 222 2155 perb
240 2117 393 2155 parentes
408 2117 509 2154 atque
526 2114 648 2145 amicos
666 2124 721 2145 seu
740 2113 849 2145 fideles
868 2124 956 2144 meos
971 2113 1031 2144 hoc
1046 2113 1140 2144 vobis
1155 2123 1273 2144 verum
1289 2123 1357 2144 esse
1374 2116 1579 2144 sacramento
1595 2112 1649 2144 vel
1664 2112 1728 2144 alio

162 2241 186 2269 ὃ)
206 2239 365 2270 Regimundi
394 2239 426 2263 D.
534 2238 558 2269 t³)
577 2239 622 2263 lite
649 2240 678 2263 0.
786 2241 809 2268 c)
828 2238 894 2262 Verb.
920 2245 967 2261 aus
992 2237 1134 2261 ventilatur
1157 2237 1191 2264 C:
1213 2237 1372 2261 ventilentur
1393 2237 1470 2261 Sirm.
1579 2237 1604 2268 d)
1626 2246 1673 2261 nec
1696 2238 1728 2261 D.

81 2285 105 2313 e)
123 2283 214 2314 Inquit
227 2284 387 2314 Stephanus:
407 2284 443 2308 Ut
455 2283 555 2307 adsolet
566 2283 599 2307 D.
685 2282 704 2313 r)
723 2283 948 2314 praedecessorum
967 2289 1083 2305 meorum
1100 2289 1170 2305 more
1186 2281 1218 2305 D.
1305 2284 1328 2312 g)
1344 2282 1503 2313 Ragimundi
1519 2282 1552 2306 D.
1638 2281 1663 2311 l1)
1678 2282 1730 2305 Von

80 2327 177 2358 yleichz.
193 2327 272 2352 Hand
285 2336 310 2351 a.
324 2328 363 2354 R„
386 2328 490 2352 darw'lber
512 2336 559 2351 zion
579 2328 683 2352 anderer
698 2327 788 2351 Hand:
811 2330 838 2350 ut
855 2326 1008 2350 nobilissimi
1030 2327 1079 2349 viri
1093 2326 1127 2351 C:
1142 2325 1201 2356 jehlt
1216 2326 1249 2349 D.
1335 2323 1354 2355 ¹)
1369 2326 1440 2350 Fehzt
1455 2326 1484 2350 C.
1571 2325 1597 2356 l³)
1614 2326 1684 2357 quod
1699 2327 1729 2350 C.

83 2370 102 2402 l)
118 2373 274 2396 commixtus
290 2373 319 2396 G.
426 2375 459 2402 ¹¹³)
475 2376 502 2395 et.
518 2373 546 2396 C.
670 2374 694 2402 ι1)
710 2373 842 2403 pertinens
860 2371 890 2394 B.
998 2372 1021 2399 0)
1038 2378 1090 2394 non
1106 2370 1264 2401 hinzuqes‘z'iqt
1286 2370 1314 2398 C,
1337 2370 1415 2394 sirm.
1524 2373 1549 2401 D)
1564 2371 1651 2402 puella
1666 2372 1728 2395 mihi

82 2416 239 2447 desponsata
251 2417 283 2440 D.
374 2419 398 2445 q)
415 2424 492 2448 quem
502 2416 682 2447 -appellavit
697 2416 768 2446 semu
783 2418 840 2439 stan
858 2415 956 2439 dessen:
972 2422 1101 2438 canonum
1114 2414 1148 2438 D.
1248 2417 1270 2444 1“)
1282 2416 1436 2446 coniungere
1447 2415 1476 2439 0.
1577 2417 1598 2445 Β)
1610 2423 1684 2446 posse
1699 2415 1729 2439 Β,

83 2459 101 2490 t)
123 2460 253 2492 sponsalia
272 2461 305 2484 D.
392 2463 416 2490 u)
437 2461 597 2492 Ragimundi
608 2461 641 2484 D.
728 2463 752 2487 V)
773 2463 799 2483 et
822 2474 850 2476 —
870 2460 924 2483 cius
942 2459 1000 2489 fehlt
1011 2459 1043 2483 Γ.
1130 2461 1158 2488 w)
1178 2467 1224 2482 nec
1246 2459 1277 2483 Β.
1364 2462 1389 2489 Χ)
1415 2460 1499 2483 adhuc
1515 2467 1579 2483 sana
1594 2459 1622 2485 C.
1638 2460 1729 2487 Sirim„-

83 2505 166 2529 adhue
182 2513 226 2528 von
242 2505 345 2535 qleicher
359 2505 438 2529 Hand
452 2505 601 2536 witberqeschr.
617 2505 649 2529 D.
730 2507 755 2533 Υ)
771 2505 808 2527 sui
826 2512 855 2527 ue
871 2504 900 2527 G.
981 2506 1003 2533 z)
1019 2503 1136 2534 dispectu
1154 2503 1185 2527 Β.
1265 2505 1289 2533 a)
1304 2505 1352 2528 hoc
1363 2504 1440 2527 Sirm.
1522 2502 1546 2533 b)
1560 2512 1604 2535 per
1617 2504 1686 2534 quod
1700 2503 1728 2527 C.

175 2593 201 2624 l)
219 2593 261 2618 Ζτι1
280 2593 326 2618 der
346 2593 376 2618 in
395 2593 440 2618 der
460 2593 664 2619 eherechtlichen
684 2592 820 2618 Literatur
839 2591 953 2624 vieljach
972 2593 1120 2621 erdrterten,
1137 2591 1199 2616 aber
1215 2591 1375 2624 lceinesweys
1399 2591 1553 2617 einheitlich
1575 2591 1729 2616 beurtefiflten

81 2636 205 2669 Wertuny
228 2637 274 2662 der
289 2637 510 2670 Stellmzqnahme
527 2637 680 2663 Hinkmars
702 2637 732 2662 in
755 2636 803 2662 den
822 2635 1019 2668 einschlc'iqz'yen
1041 2635 1147 2668 Fraqen
1171 2636 1220 2668 τρῖ.
1239 2635 1281 2661 die
1300 2635 1439 2661 Hinweise
1463 2635 1528 2661 oben
1553 2636 1581 2661 S.
1596 2636 1630 2660 13¹2
1654 2636 1688 2660 A.
1703 2635 1727 2660 4.

84 2680 111 2712 2)
126 2680 182 2714 Vql.
201 2684 284 2707 umen
302 2682 330 2707 S.
344 2681 378 2707 96
395 2682 425 2707 Ζ.
439 2682 508 2715 3ff.‚·
526 2691 574 2707 zur
591 2681 675 2707 Sache
694 2681 805 2707 Schfrfirs
823 2679 850 2705 S.
865 2680 941 2712 211f.
960 2680 995 2705 A.
1008 2679 1056 2709 24,·
1077 2680 1199 2710 Freisen,
1220 2680 1371 2706 Gesclzichte
1393 2680 1438 2705 des
1459 2680 1640 2705 canonisclzen
1662 2679 1727 2705 Ehe-

82 2724 181 2750 recht&
209 2725 237 2751 S.
258 2726 319 2751 415.
429 2726 456 2757 3)
477 2726 532 2759 Vql.
563 2735 595 2751 zu
622 2726 653 2751 Z.
674 2726 708 2751 19
733 2723 999 2757 BonwwsssattufffBrieje
1022 2724 1072 2749 Nr.
1093 2724 1137 2754 26,
1163 2724 1227 2750 MG.
1254 2724 1343 2758 Epist.
1370 2724 1416 2749 sel.
1435 2724 1461 2753 Ι,
1475 2725 1508 2750 45
1536 2724 1654 2757 (G'reyor.
1674 2723 1728 2753 ΙΙ.,

82 2768 159 2794 J.-E.
173 2769 275 2802 2174),-
294 2779 326 2795 zu
338 2770 369 2795 Z.
382 2770 417 2795 20
430 2770 507 2796 Decr.
519 2770 623 2803 Greyor.
638 2770 681 2795 II.
701 2778 721 2795 c.
735 2769 761 2797 9,
780 2768 871 2794 Codex
883 2776 1020 2793 canonum
1035 2768 1137 2801 (1609)
1152 2768 1181 2793 S.
1195 2769 1261 2798 611,·
1278 2769 1433 2794 Hinsclrius
1449 2768 1477 2793 S.
1494 2768 1558 2798 754‚·
1574 2777 1605 2793 zu
1622 2768 1651 2793 Z.
1665 2768 1700 2793 22
1721 2786 1726 2791 .

83 2812 183 2839 Konzil
199 2822 249 2839 von
266 2814 341 2846 Aqde
360 2814 443 2846 (506)
462 2822 483 2839 c.
497 2815 540 2844 61,
558 2814 711 2840 Hinschius
727 2814 756 2839 S.
769 2813 821 2839 336
842 2824 870 2833 =
889 2812 991 2838 Konzil
1007 2821 1057 2838 von
1073 2812 1171 2845 Epaon
1193 2813 1276 2846 (517)
1295 2821 1315 2838 c.
1330 2813 1374 2843 30,
1393 2813 1460 2839 ΜΘ.
1480 2813 1560 2838 C'onc.
1578 2812 1604 2842 Ι,
1621 2812 1664 2837 26.

170 2862 337 2887 EmsronAE
350 2862 433 2888 VIII.
1483 2862 1515 2886 12

1751 309 1825 339 860.

1745 953 1794 978 Vgl.
1803 953 1856 974 Luc.
1864 954 1898 978 15,
1906 954 1940 973 17.
