2220 3192
358 299 430 329 860.

243 1361 438 1385 vg1.1.Cor.5,11.

458 206 498 235 96
1026 201 1211 228 HINKMAR
1231 200 1309 226 VON
1329 199 1448 225 REIMS
1471 199 1530 225 136.

456 301 558 327 verint.
580 300 795 326 Incestuosos⁸
816 304 882 321 vero
903 295 980 321 nullo
1002 294 1122 326 coniugii
1143 291 1275 318 nomineb
1296 291 1485 325 deputandos,
1508 298 1579 324 quos
1599 291 1688 316 etiam
1708 290 1857 323 designare
1877 290 2025 317 funestum
2045 295 2098 317 est.

454 350 498 381 Et
516 353 663 381 sanctusc
690 345 859 386 Gregorius
878 345 929 375 in‘¹
947 342 1085 384 epistola
1103 342 1144 373 ad
1163 334 1305 372 Felicem
1323 339 1527 371 Siciliensem
1543 339 1747 381 episcopum,
1765 340 1843 380 quie
1861 340 2010 371 audierat
2029 351 2099 382 per-

453 413 543 433 verse
567 398 798 441 interpretari‘,
822 397 909 437 quod
932 395 1050 426 beatus
1070 394 1241 435 Gregorius
1262 393 1447 434 Augustino
1470 392 1653 433 Anglorum
1676 392 1829 434 episcopo
1853 392 2029 424 consilium
2053 404 2099 424 se-

454 455 600 485 eundum
622 450 861 491 indulgentiam
882 449 921 479 de
943 448 1079 489 paganis
1100 458 1118 478 a
1140 449 1258 487 quarto
1280 456 1365 486 genu
1387 450 1420 477 et
1441 445 1476 476 in
1498 445 1674 487 reliquum,
1697 456 1738 476 ne
1760 444 1879 477 fidem⁸
1900 446 2098 487 refugerent,

453 507 581 538 dederat
591 505 603 524 1
616 504 768 544 quodque
784 502 846 543 ipsi
859 501 1043 532 venerando
1059 510 1163 541 papae
1179 502 1390 540 suggesserat,
1405 498 1447 529 ad
1462 498 1603 530 eundem
1613 497 1755 530 Felicem
1770 498 1948 530 rescribens
1961 499 2059 530 dicitd
2069 499 2095 530 ²:

455 562 627 595 Progeniem,
646 556 824 596 inquiensh,
843 566 923 583 suam
941 554 1187 590 unumquemque¹
1204 555 1238 581 de
1256 555 1309 585 his,
1328 555 1376 588 qui
1394 554 1515 580 fideliter
1530 554 1625 581 edocti
1642 557 1672 580 et
1687 555 1745 581 iam
1763 554 1846 582 firma
1863 554 1957 583 radice
1974 555 2100 589 plantati

453 617 532 640 stunt
551 612 718 642 inconvulsi,
741 619 829 644 usque
851 610 887 636 ad
909 611 1061 643 septimam
1083 608 1250 635 observarek
1269 607 1469 635 decernimusk
1484 609 1704 641 generationem,
1726 611 1756 634 et
1778 608 1915 642 quamdiu
1937 616 1966 634 se
1988 617 2099 642 cogno-

453 666 549 693 scuntl
564 665 713 692 adfinitate
728 664 910 698 propinquos,
928 663 965 689 ad
980 662 1160 688 huiusmodi
1179 661 1295 695 copulae
1312 669 1369 687 non
1384 661 1516 688 accedere
1531 662 1706 687 societatem.
1725 661 1784 688 Nec
1800 670 1875 692 eam,
1894 669 1980 695 quam
1997 660 2100 696 aliquis

452 729 486 745 ex
508 719 620 753 propria
640 717 909 749 consanguinitatem
927 716 1074 748 coniugem
1093 715 1196 741 habuit
1214 714 1260 740 vel
1280 714 1376 748 aliqua
1394 714 1504 740 inlicita
1523 714 1679 748 pollutione
1700 714 1867 745 maculavit,
1886 715 1916 740 in
1936 715 2099 748 coniugium

452 773 552 798 ducere
572 771 621 797 ulli
642 771 768 804 profecto
788 769 1013 796 Christianorum
1032 768 1098 794 licet
1118 768 1162 793 vel
1181 767 1287 798 licebit,
1309 768 1376 801 quia
1394 768 1571 793 incestuosus
1590 770 1635 793 est
1654 767 1719 793 talis
1740 768 1831 794 coitus
1850 770 1881 793 et
1899 767 2099 794 abominabilis

454 826 530 851 Dcofl
551 828 581 850 et
602 824 730 850 eunetiso
751 818 915 856 fidelibu33
936 822 1111 848 incestuosos
1133 829 1200 846 vero
1221 821 1299 846 nullo
1321 821 1443 853 coniugii
1463 821 1577 846 nomine
1599 820 1781 854 deputandos
1802 829 1819 846 a
1841 821 1948 847 sanctis
1968 821 2100 854 patribus

452 878 561 904 dudum
575 877 692 910 legimus
708 876 951 903 constitutum.
967 870 1048 900 Nec3
1062 874 1115 900 hoc
1131 882 1243 907 quoque
1257 874 1287 899 in
1302 873 1355 900 hac
1370 873 1567 900 sollicitudinis
1582 876 1663 907 parte
1678 873 1872 907 relinquimus,
1890 873 1966 907 quod
1980 877 2099 900 omnesl>

451 931 603 957 incestuosi
619 939 636 956 a
650 929 795 956 liminibus
811 931 926 955 sanctae
942 928 1074 954 ecelesiae
1090 929 1184 952 suntq
1201 926 1361 960 separandi,
1377 934 1540 960 usquequo
1556 935 1606 961 per
1622 926 1847 953 satisfactionem
1863 926 1994 960 precibus
2010 935 2099 954 sacer-

452 984 553 1010 dotum
575 983 667 1009 eidem
690 985 805 1008 sanctae
828 981 978 1008 00010513.οῦ
1000 977 1177 1008 catholicae
1200 980 1425 1007 reconcilientur.
1447 976 1492 1007 Et
1515 976 1549 1007 in
1572 976 1678 1007 edicto
1701 976 1858 1008 canonico
1881 979 1959 1008 ante
1981 987 2101 1018 corpus

450 1033 539 1064 beati
560 1033 648 1064 Petri
669 1032 793 1074 prolato
806 1031 832 1062 4:
856 1035 885 1061 Si
906 1035 968 1067 quis
987 1033 1022 1059 de
1043 1034 1158 1067 propria
1178 1034 1346 1066 cognatione
1366 1033 1412 1059 vel
1433 1036 1535 1066 quamf
1556 1036 1694 1067 cognatus
1714 1033 1817 1059 habuit
1836 1032 1952 1059 duxerit
1970 1041 2100 1065 uxorem,

452 1089 606 1116 anathema
621 1089 667 1114 sit.
685 1089 723 1114 Et
738 1088 945 1122 responderunt
960 1095 1057 1112 omnes
1074 1087 1172 1112 tertio:
1189 1086 1351 1114 Anathema
1367 1087 1428 1112 sits.
1444 1083 1504 1114 Ett
1520 1093 1585 1114 non
1600 1082 1740 1114 dubium
1754 1086 1804 1114 est
1818 1082 1894 1114 huic
1908 1083 2101 1115 anathema-

451 1140 551 1171 tismo
572 1138 723 1180 nuptiasu
739 1137 899 1179 Stephani
918 1137 1082 1168 subiacere
1100 1136 1261 1174 debuisse,
1281 1136 1308 1167 si
1325 1147 1404 1168 cum
1423 1136 1486 1167 ista
1504 1135 1750 1173 concumberet,
1769 1136 1829 1177 qui
1845 1143 1943 1168 cumv
1961 1140 2101 1178 cognata

453 1193 522 1223 eius
537 1199 587 1223 sev
601 1191 813 1223 concubuisse
829 1191 962 1221 fatetur.
980 1189 1025 1220 Et
1044 1190 1125 1220 item
1144 1189 1178 1220 in
1196 1189 1377 1220 canonibus
1392 1189 1554 1230 scriptum
1568 1189 1650 1220 est-³⁷:
1672 1193 1714 1219 De
1733 1192 1787 1223 his,
1807 1193 1855 1226 qui
1873 1201 1902 1218 se
1920 1193 2022 1219 incesti
2041 1193 2101 1227 pol-

452 1249 559 1274 lutione
583 1248 802 1278 commaculant,
825 1247 943 1281 placuit,
965 1249 1008 1277 ut,
1033 1254 1179 1280 quousque
1201 1247 1230 1271 in
1252 1246 1315 1280 ipso
1337 1246 1508 1272 detestando
1530 1249 1560 1272 et
1581 1246 1690 1272 inlicito
1713 1246 1806 1272 carnis
1829 1246 2016 1272 contubernio
2039 1254 2100 1280 per-

452 1304 593 1331 severant,
614 1309 703 1335 usque
725 1301 761 1327 ad
783 1301 899 1326 missam
919 1303 1035 1326 tantum
1055 1299 1293 1325 caticuminorum
1311 1299 1342 1325 in
1361 1299 1479 1325 ecelesia
1500 1299 1707 1329 admittantur3
1729 1308 1794 1325 cum
1816 1299 1920 1333 quibus
1940 1299 2029 1325 etiam
2049 1308 2101 1325 nec

453 1355 548 1381 cibum
570 1362 680 1381 sumere
702 1354 792 1380 ullum
814 1353 1048 1383 Christianorum,
1072 1350 1157 1380 Sicut
1178 1349 1347 1390 apostolus
1369 1349 1475 1386 iussit,
1500 1355 1622 1386 oportet.

540 1404 585 1435 Et
608 1404 705 1435 hincw
725 1403 819 1445 plura
844 1413 885 1434 ex
902 1402 1084 1434 canonibus
1108 1403 1330 1444 potuissemus
1352 1413 1532 1443 congerere,
1559 1402 1584 1433 si
1608 1402 1737 1433 incestu
1761 1401 1988 1438 intercidente,
2011 1402 2099 1443 quod

453 1456 639 1499 Stephanus
657 1457 828 1493 devitavit,
849 1467 880 1487 se
903 1460 937 1487 et
960 1466 1097 1487 uxorem
1120 1466 1215 1487 suam
1235 1459 1368 1497 propter
1395 1455 1455 1486 1100
1480 1466 1607 1486 necesse
1631 1455 1746 1486 fuisset
1768 1454 1962 1496 disiungere.
1985 1455 2100 1486 Nunex

452 1514 576 1547 autem,
601 1521 641 1541 ne
664 1510 824 1551 nuptialiy
843 1509 1066 1540 simulationiv
1085 1509 1324 1550 superaddatur
1347 1509 1501 1545 incestus,
1524 1508 1683 1549 quoniam
1705 1511 1836 1550 oportet
1859 1518 1913 1539 eos
1934 1511 1968 1539 et
1989 1519 2101 1540 coram

452 1563 573 1594 divinis
596 1567 628 1594 et
651 1573 762 1594 coram
785 1563 939 1594 humanis
962 1562 1065 1593 oculis
1088 1561 1233 1603 legaliter
1256 1572 1293 1593 ac
1318 1561 1556 1593 rationabiliter
1579 1561 1734 1602 disiungi,
1757 1561 1817 1602 qui
1841 1560 2042 1602 inlegaliterz
2066 1561 2101 1592 in

453 1617 564 1647 divina
581 1616 727 1647 iustitiaa
748 1616 829 1647 visib
846 1616 934 1647 fuere
950 1616 1130 1653 coniuncti,
1146 1615 1226 1646 talia
1244 1618 1434 1646 sanctorum
1450 1618 1602 1656 patrumss
1618 1615 1780 1646 donemus
1794 1614 2000 1652 testimonia,
2015 1624 2101 1656 quae

453 1670 494 1701 ad
515 1670 675 1710 agendam
695 1680 831 1700 causam
853 1669 919 1700 sint
942 1669 1207 1700 manifestissime
1230 1668 1440 1710 pertinentia.
1465 1667 1606 1700 Sanctus
1625 1667 1820 1699 Ambrosius
1842 1668 1877 1699 in
1898 1667 2037 1709 epistola
2058 1667 2100 1699 ad

455 1722 637 1754 Corinthios
656 1722 733 1753 dicit
746 1722 772 1753 ⁶:
794 1726 858 1751 Non
879 1728 923 1751 est
942 1726 1018 1751 enim
1038 1725 1126 1751 frater
1147 1728 1198 1751 aut
1219 1733 1296 1752 soror
1316 1725 1448 1751 servituti
1468 1725 1612 1751 subiectus
1632 1725 1662 1750 in
1682 1724 1874 1755 huiusmodid,
1895 1723 1948 1750 hoc
1968 1727 2022 1755 est,
2042 1733 2099 1750 non

454 1779 590 1805 debeturss
605 1778 776 1806 reverentia¹
792 1779 913 1812 coniugii
929 1779 964 1809 ei,
984 1779 1032 1812 qui
1050 1778 1175 1804 horruit
1192 1781 1356 1805 auctorem&
1374 1778 1503 1812 coniugii.
1523 1778 1588 1804 Non
1605 1778 1681 1804 enim
1698 1781 1795 1804 ratum
1812 1780 1857 1803 est
1874 1777 2100 1808 matrimonium,

456 1832 531 1865 quod
546 1832 604 1857 sine
621 1831 690 1858 Deih
705 1832 857 1858 devotione
872 1836 924 1858 est.
940 1828 984 1859 Et
999 1832 1134 1859 sanctus
1150 1828 1362 1860 Hieronimus
1377 1827 1411 1859 in
1426 1828 1524 1860 tertio
1539 1827 1620 1859 libro
1635 1827 1818 1859 commenti
1833 1826 1990 1868 epistolae
2006 1826 2102 1859 Pauli

453 1882 495 1912 ad
512 1881 666 1922 Ephesios
677 1881 702 1912 7:
727 1885 875 1916 Quomodo
892 1886 989 1918 itaque
1008 1884 1119 1911 Christo
1134 1885 1265 1923 subiecta
1282 1887 1326 1911 est
1343 1884 1468 1915 ecclesia,
1487 1885 1526 1911 sic
1543 1884 1672 1911 subiecta
1689 1885 1727 1910 sit
1743 1892 1816 1910 uxor
1833 1884 1895 1909 viro
1912 1882 1985 1910 suo¹.
2010 1883 2100 1914 Quem

455 1938 529 1963 enim
546 1937 633 1964 habet
650 1938 841 1971 principatum
858 1942 888 1964 et
904 1938 1109 1964 subiectionem
1127 1937 1254 1964 Christus
1271 1941 1301 1964 et
1317 1938 1442 1968 ecelesia,
1460 1936 1543 1964 huick
1560 1937 1652 1964 eidem
1670 1937 1761 1963 ordini
1779 1937 1899 1964 maritus
1916 1939 1946 1962 et
1961 1945 2034 1962 uxor
2050 1936 2100 1963 ad-

455 1991 610 2023 stringitur.
637 1990 690 2017 Sed
706 1991 871 2021 videndum,
887 1994 920 2016 ut
936 1991 1078 2024 quomodo
1100 1992 1129 2016 in
1145 1991 1257 2018 Christo
1272 1994 1302 2017 et
1316 1991 1345 2016 in
1361 1990 1478 2017 ecclesia
1493 1989 1607 2016 sanctal
1624 1989 1801 2016 coniunctiol
1823 1993 1876 2021 est,
1892 1991 1934 2016 ita
1949 1992 1979 2015 et
1993 1990 2023 2015 in
2038 1990 2100 2017 viro

455 2047 485 2069 et
507 2043 619 2069 muliere
641 2046 740 2070 sancta
761 2045 799 2070 sit
821 2044 928 2078 copula.
955 2043 1034 2070 Sicut
1055 2047 1152 2070 autem
1173 2052 1231 2070 non
1253 2045 1345 2070 omnis
1367 2044 1547 2077 congregatio
1568 2044 1759 2070 hereticorum
1780 2043 1885 2070 Christi
1906 2043 2024 2069 ecclesia
2044 2042 2100 2069 dici

539 2139 563 2167 a)
580 2137 612 2161 A.
628 2137 658 2161 R.
671 2145 717 2161 von.
728 2138 787 2162 aud.
800 2138 890 2162 Hand:
903 2139 941 2162 De
954 2140 1058 2163 ines-stis
1070 2139 1295 2164 coniunctionibus
1310 2139 1340 2162 Β.
1428 2137 1452 2168 b)
1474 2145 1607 2162 censemus
1619 2137 1743 2168 einqefuqt
1755 2137 1833 2161 Sirm.
1917 2139 1940 2167 c)
1963 2137 2056 2160 beatus
2067 2136 2100 2160 D.

457 2180 482 2210 (¹)
504 2182 530 2204 in
543 2195 572 2198 —
583 2182 645 2205 dicit
669 2183 759 2211 (mzten
778 2182 806 2206 Z.
817 2182 848 2211 5)
866 2182 924 2212 1071Ζί
942 2183 974 2207 D.
1105 2186 1128 2213 Β)
1140 2184 1173 2207 So
1186 2183 1216 2209 B.
1229 2183 1262 2210 Ο,-
1274 2191 1351 2214 quem
1362 2182 1438 2206 sirm..
1566 2180 1586 2212 ἵ)
1597 2182 1735 2212 interi->tari
1748 2181 1779 2205 B.
1900 2183 1923 2211 g)
1935 2188 1950 2204 a
1960 2180 2011 2205 fide
2022 2181 2099 2204 Siron.

458 2224 482 2254 Π)
500 2225 571 2249 Fehlt
590 2226 623 2249 D.
716 2224 734 2255 ¹)
755 2234 962 2258 unamquemque
986 2228 1014 2251 G.
1110 2227 1135 2257 l³)
1156 2228 1318 2251 decernimus
1337 2227 1474 2251 observare
1494 2226 1523 2250 0.
1615 2225 1633 2256 1)
1655 2227 1781 2250 {noscunt
1801 2225 1836 2253 Ο,-
1856 2228 2001 2256 agnoscunt
2021 2225 2100 2249 Sirm.

458 2272 490 2299 ¹1¹)
504 2269 537 2293 A.
553 2270 583 2293 R.
598 2277 644 2293 von
657 2270 716 2293 and.
731 2270 820 2294 Hand:
837 2271 875 2294 De
892 2273 1115 2302 consanguinitate
1133 2273 1201 2296 bona
1223 2272 1311 2303 regula
1329 2272 1360 2295 Β.
1462 2273 1487 2301 n)
1504 2271 1616 2295 Domino
1633 2270 1710 2294 Sirm.
1796 2272 1819 2300 ο)
1836 2269 1887 2293 Von
1902 2269 2006 2300 qleicher
2022 2269 2100 2293 Hand

456 2313 514 2337 iiber
533 2313 614 2343 (nicht
629 2314 763 2344 qetilytem)
784 2315 931 2338 hominibus
949 2316 1097 2346 uberyeschr.
1111 2316 1143 2340 D.
1229 2318 1254 2346 p)
1275 2317 1392 2340 homines
1411 2315 1488 2339 Sirm.
1572 2317 1597 2345 q)
1618 2317 1679 2339 sunt
1692 2314 1853 2338 —ecolesiae
1872 2313 1915 2344 (Z.
1930 2313 1976 2344 14)
1996 2313 2055 2344 fehlt
2066 2313 2100 2337 D.

458 2360 479 2386 ¹¹)
502 2358 533 2381 tle
555 2358 664 2387 (qetv'lyt)
684 2366 733 2388 qua
752 2358 780 2382 C.
873 2361 893 2388 s)
914 2359 984 2383 Felzlt
1000 2360 1029 2383 C.
1110 2360 1140 2389 st)
1161 2360 1231 2384 Fehlt
1250 2360 1282 2384 D.
1377 2362 1401 2390 u)
1423 2360 1517 2391 nuptia
1533 2359 1562 2384 C.
1649 2361 1674 2389 v)
1696 2366 1722 2382 se
1746 2366 1805 2382 cum
1825 2362 1936 2390 cognata
1954 2359 2009 2382 eius
2028 2358 2104 2382 Sirm.

459 2404 486 2431 w)
502 2403 542 2425 hic
553 2402 581 2425 C.
668 2404 692 2431 X)
708 2402 739 2425 A.
758 2402 787 2425 R.
803 2405 850 2425 rot:
863 2403 893 2429 V‚·
911 2403 1028 2427 schwarz:
1045 2406 1143 2435 optima
1155 2406 1221 2428 ratio
1235 2405 1265 2428 B.
1356 2406 1381 2433 Y)
1393 2404 1551 2428 simulationi
1562 2403 1673 2435 nuptiali
1684 2403 1717 2427 D.
1802 2404 1824 2432 z)
1834 2411 1887 2426 non
1898 2402 2013 2433 legaliter
2023 2402 2100 2426 Sirra.

458 2445 600 2475 a)Fe}1ltO.
687 2445 709 2475 b)
721 2447 768 2469 nisi
780 2446 808 2470 C.
875 2449 898 2477 ⁰)
914 2447 983 2471 Fehlz
996 2448 1025 2472 B.
1037 2448 1069 2472 D.
1155 2447 1178 2477 ¹1)
1196 2449 1322 2472 eiusmodi
1340 2449 1370 2475 Β,
1384 2449 1412 2476 O,
1426 2448 1503 2472 Sirm.
1589 2450 1612 2478 Θ)
1629 2448 1721 2471 debere
1734 2447 1770 2474 B:
1786 2447 1873 2471 deberi
1884 2447 1917 2474 0;
1934 2447 2012 2470 debet
2022 2446 2099 2470 Sirm.

458 2489 477 2519 ¹)
494 2491 664 2513 reverentiam
688 2490 764 2513 Sim.
885 2494 907 2520 ἕ)
928 2493 1111 2515 auctoritatem
1133 2493 1161 2516 C.
1282 2492 1306 2522 h)
1328 2493 1433 2516 Domini
1453 2492 1530 2516 Sirm.
1648 2490 1667 2522 5)
1686 2491 1757 2516 Fehlt
1777 2491 1807 2516 C.
1927 2489 1953 2521 k)
1974 2491 2050 2515 liuius
2071 2491 2100 2514 C.

458 2532 476 2563 ¹)
497 2535 644 2557 coniunctio
662 2538 753 2557 sancta
773 2535 806 2558 D.

552 2612 647 2645 l)1'9l.
670 2613 731 2645 Req.
752 2613 806 2643 XI,
825 2614 893 2641 56a.
913 2614 976 2639 MG.
999 2614 1084 2647 Epist.
1106 2615 1148 2642 ll.
1168 2616 1218 2640 335
1244 2624 1265 2640 ‹·.
1279 2616 1295 2640 5
1317 2615 1526 2648 (J-E.1843).
1554 2631 1588 2634 —
1612 2616 1641 2641 S.
1659 2615 1728 2641 auch
1748 2615 1807 2641 Iohs.
1828 2615 1898 2640 diac.
1920 2615 1964 2640 vil.
1984 2614 2100 2646 Greqor„

460 2656 554 2689 Miyrzc
569 2657 610 2685 75,
625 2657 700 2689 Jolj.
815 2658 842 2688 2)
863 2658 971 2682 Decreta
991 2658 1119 2690 (lrrqoriz',
1143 2659 1295 2685 Hinschius
1315 2659 1343 2684 S.
1361 2661 1409 2685 751
1434 2660 1526 2692 (J.—E.
1549 2659 1596 2693 †§
1609 2660 1707 2693 1334).
1813 2659 1840 2691 3)
1863 2658 1974 2684 Ebcnda
1994 2658 2023 2683 S.
2039 2658 2098 2683 752.

458 2702 486 2731 4)
508 2701 584 2726 Decr.
606 2701 708 2733 Greqor.
732 2701 774 2726 Il.
797 2702 857 2729 c.9.
880 2701 969 2727 Codex
990 2710 1125 2727 canonum
1148 2704 1249 2736 (1609)
1273 2704 1301 2729 S.
1315 2704 1381 2733 611,·
1403 2704 1557 2730 Hi'nschius
1577 2704 1606 2729 S.
1622 2704 1680 2729 754.
1775 2704 1802 2735 5)
1819 2703 1920 2729 Konzil
1934 2711 1985 2728 von
2000 2702 2099 2728 Lerida

458 2754 478 2769 c.
494 2745 518 2773 4,
542 2745 693 2770 Hinschivs
715 2745 743 2770 S.
757 2745 817 2770 347.
911 2746 938 2777 6)
955 2746 1101 2771 Comama.
1127 2747 1153 2771 iu
1177 2748 1253 2780 epist.
1278 2748 1302 2772 I.
1326 2748 1360 2772 ad
1376 2748 1436 2773 Cor.
1453 2757 1474 2773 c.
1490 2749 1513 2778 7,
1530 2748 1625 2780 Mi971e
1640 2749 1684 2778 17,
1700 2748 1762 2773 231.
1855 2748 1882 2779 7)
1902 2747 2048 2772 Comment.
2068 2746 2098 2771 in

458 2789 534 2822 epist.
554 2789 589 2813 (nl
608 2789 705 2822 Ephes.
726 2789 786 2815 III.
805 2790 830 2819 5,
850 2789 945 2822 Mislne
963 2790 1007 2820 26,
1026 2791 1102 2822 530s.

2127 509 2139 529 5

2125 774 2152 794 ιο
2202 765 2209 786 ''-

2126 1036 2206 1060 15¹

2128 1305 2155 1325 20

2126 1571 2154 1591 25

2125 1836 2154 1857 30

2124 2141 2153 2162 35
2202 2124 2214 2140 ³

2124 2363 2152 2383 4⁰

2124 2618 2153 2639 45
2200 2630 2206 2647 s
