2220 3192
100 814 127 831 10

94 1343 121 1362 20

93 1824 120 1843 25

90 2086 118 2105 ³0

89 2363 114 2382 35

87 2708 113 2726 40

672 239 857 266 HINKMAR
878 241 954 267 VON
975 242 1094 268 R-EIMS
1116 243 1263 269 198-199.
1724 244 1784 272 217

149 323 306 355 veraciter
328 324 484 355 confiteor
507 329 637 357 sanctae
660 331 785 358 vestrae
810 330 1012 369 paternitati,
1036 330 1124 371 quia,
1148 331 1174 362 si
1196 331 1367 373 episcopus
1389 333 1558 363 ordinatus
1583 343 1647 363 non
1670 344 1783 371 essem,

152 387 217 408 non
233 375 340 408 solum
356 376 447 418 pallii
464 388 561 409 usum
578 389 643 410 non
658 390 857 420 quaererem,
873 383 1030 423 quoniam
1045 384 1109 414 scio
1125 384 1193 415 sine
1209 384 1410 416 ordinatione
1427 385 1602 427 episcopali
1619 385 1680 417 fide
1696 390 1783 418 recta

150 434 183 461 et
199 429 350 471 operibus
366 429 459 460 bonis
478 441 533 471 per
548 431 608 462 Dei
624 433 764 472 gratiam
779 434 885 466 vitam
900 439 1068 467 aeternam
1086 447 1136 467 me
1154 437 1297 478 potuisse
1313 438 1490 479 adquirere.
1519 438 1560 470 In
1576 439 1638 470 isto
1656 439 1783 471 saeculo

149 494 343 524 cognoscens
365 482 458 520 illud,
482 483 567 514 sicut
591 485 685 516 modo
708 496 875 527 cognosco,
898 488 1115 529 episcopalem
1133 490 1280 521 ordinem
1300 502 1365 521 non
1384 491 1537 528 subirem,
1561 492 1587 522 si
1606 492 1709 523 vitare
1727 503 1782 524 va-

149 536 259 568 lerem.
291 536 352 568 Sed
372 540 405 566 et
424 547 512 568 nunc
533 537 600 568 iam
620 538 743 569 sufficit
764 539 842 570 mihi
862 541 973 572 anima
995 552 1065 572 mea
1086 552 1143 582 pro
1163 543 1276 584 spoli0.
1307 544 1374 584 Ego
1394 544 1483 576 enim
1503 544 1615 576 multis
1640 545 1783 576 afflictus

148 589 398 621 infirmitatibus
417 593 451 620 et
469 592 577 620 aetate
596 595 750 630 gravatus
769 603 805 622 ac
826 593 952 624 iniuriis
972 593 1129 635 fatigatus
1147 594 1227 626 ‘iam
1245 595 1366 627 delibor
1385 601 1418 627 et
1437 601 1569 639 tempus
1590 609 1678 629 meae
1698 609 1779 629 reso-

149 642 284 674 lutionis
304 642 430 673 instat’.
469 642 686 684 Quapropter,
707 643 783 675 licet
802 644 885 676 alius
905 646 945 677 ab
965 647 1078 678 amicis
1100 648 1179 678 meis
1200 648 1371 690 Cisalpinis
1391 650 1425 680 in
1447 650 1594 691 partibus
1613 651 1782 688 Romanis,

150 700 187 727 ut
200 707 220 727 a
234 696 348 727 multis
362 695 515 733 iactatur,
529 696 707 737 confingar,
722 698 763 728 ad
776 697 866 729 aliud
883 710 932 730 me
947 703 1078 741 oportet
1091 701 1221 731 tendere
1235 706 1268 732 et
1281 702 1319 732 de
1333 702 1404 733 aliis
1417 703 1557 743 cogitare
1571 714 1673 745 quam
1685 704 1782 735 alicui

149 759 288 791 pompae
308 760 346 780 ac
366 749 592 785 ostentationi,
616 750 750 781 minime
770 755 884 782 autem
904 752 938 782 in
958 752 1171 784 ecclesiastico
1194 754 1371 785 ministerio
1392 755 1586 797 adplaudere
1607 761 1666 788 aut
1688 758 1782 788 modo

151 802 298 844 quolibet
316 802 481 833 inservire.

240 855 327 887 Haec
354 859 479 892 autem,
506 856 544 886 de
572 855 691 896 quibus
717 855 912 888 clarissimae
940 857 1110 888 sanctitati
1135 862 1169 889 et
1195 858 1427 891 famosissimae
1453 862 1631 902 sapientiae
1657 866 1781 894 vestrae

146 908 271 950 scripsi,
291 919 357 939 non
375 909 416 940 ad
436 907 539 940 ullam
556 909 812 940 controversiam
830 908 881 940 vel
898 914 1129 942 contumacem
1147 911 1405 950 resultationem,
1424 914 1511 954 quod
1529 914 1625 952 absit,
1646 915 1782 956 protuli3

146 962 201 993 sed
221 962 391 993 animatus
410 962 551 993 veridica
572 962 735 992 sententia
755 966 893 999 vestrae,
916 963 1018 994 immo
1039 963 1168 995 divinae
1188 965 1406 1003 auctoritatis,
1427 977 1528 1007 quam
1551 967 1629 998 mihi
1649 967 1783 999 scribere

145 1015 271 1056 dignati
288 1015 408 1052 fuistis,
425 1015 598 1052 dicenteS¹‚
615 1015 693 1056 quia
711 1019 816 1045 veritas
832 1019 941 1050 liberet,
960 1020 1139 1047 mendacium
1156 1029 1222 1047 vero
1239 1022 1350 1056 perdat,
1366 1018 1532 1050 humiliter
1548 1020 1694 1051 veritatis
1710 1031 1780 1052 nar-

109 1077 121 1095 5
145 1068 307 1100 rationem
324 1069 477 1109 suggessi.
508 1068 654 1099 Tandem
673 1079 762 1099 meae
779 1069 931 1100 servituti
948 1080 967 1100 a
983 1073 1091 1100 vestra
1108 1070 1294 1110 dignatione
1312 1072 1494 1103 remandari
1511 1072 1647 1114 deposco
1664 1074 1702 1104 de
1720 1074 1782 1104 fra-

144 1121 250 1153 tribus
270 1122 387 1153 nostris
404 1121 574 1153 Remensis
592 1120 742 1152 ecclesiae
761 1121 835 1153 filiis
853 1126 961 1153 vestra
978 1122 1176 1154 auctoritate
1195 1123 1230 1154 in
1247 1124 1314 1155 suis
1331 1125 1499 1156 ordinibus
1516 1126 1686 1163 restitutis,
1704 1137 1783 1168 quo-

146 1175 236 1206 niam
253 1175 458 1206 venerandus
475 1175 736 1217 archiepiscopus
753 1174 846 1216 Egilo
863 1186 905 1206 ex
922 1180 1030 1206 vestra
1047 1177 1245 1207 auctoritate
1263 1177 1308 1208 eis
1327 1178 1504 1219 praecepit,
1525 1182 1562 1208 ut
1579 1178 1613 1209 in
1632 1179 1697 1210 suis
1715 1190 1782 1220 gra-

144 1227 239 1259 dibus
254 1228 478 1260 ministrarent
489 1232 523 1259 et
536 1228 578 1259 ad
589 1227 720 1260 altiores
732 1229 901 1259 ascendere
915 1239 980 1259 non
994 1233 1250 1271 praesumerent,
1264 1234 1377 1261 utrum
1389 1231 1526 1262 debeam
1538 1242 1591 1262 eos
1603 1232 1643 1262 ad
1655 1231 1783 1263 altiores

144 1282 262 1322 gradus
287 1282 470 1323 provehere,
496 1282 522 1312 si
546 1281 725 1312 confratres
749 1292 786 1312 ac
810 1282 1029 1312 comministri
1055 1283 1156 1313 nostri
1181 1282 1252 1313 illos
1276 1282 1441 1324 elegerint.
1486 1284 1649 1321 Quoniam
1672 1295 1784 1316 eorum

144 1335 273 1366 animos
290 1346 361 1366 mea
379 1335 504 1366 incuria
522 1334 645 1366 laedere
664 1334 738 1365 nolo
755 1338 799 1371 et,
819 1346 856 1365 ne
874 1339 988 1366 contra
1006 1340 1150 1366 vestram
1167 1335 1344 1368 iussionem
1360 1347 1397 1367 ac
1415 1337 1661 1378 dispositionem
1678 1348 1783 1378 agam,

146 1388 250 1420 modis
268 1388 422 1420 omnibus
440 1388 584 1419 devitare
603 1388 712 1429 cupio,
731 1388 788 1429 qui
806 1388 1003 1429 apostolicae
1022 1389 1105 1419 sedis
1123 1389 1259 1420 decretis
1278 1389 1313 1420 in
1330 1389 1482 1420 omnibus
1502 1401 1612 1431 parere
1630 1391 1782 1422 desidero.

232 1441 321 1472 Deus
342 1441 552 1483 omnipotens
575 1441 789 1472 sanctitatem
811 1445 955 1472 vestram
978 1442 1018 1472 ad
1040 1441 1225 1473 doctrinam
1247 1446 1280 1473 et
1301 1443 1533 1474 correctionem
1554 1447 1684 1474 sanctae
1707 1454 1783 1474 suae

144 1494 293 1526 ecclesiae
314 1495 345 1526 in
368 1506 427 1526 suo
447 1498 526 1537 apto
547 1495 677 1526 servitio
699 1506 756 1536 per
774 1505 939 1526 annorum
961 1494 1066 1526 multa
1085 1495 1245 1526 curricula
1264 1506 1452 1527 conservare
1473 1497 1634 1537 dignetur,
1654 1496 1783 1528 domine

144 1548 347 1580 sanctissime
367 1552 401 1579 et
420 1548 676 1579 reverentissime
698 1552 831 1590 patrum
854 1552 947 1589 pater
966 1548 999 1579 in
1019 1548 1172 1579 Domino.

933 1753 999 1783 199.

225 1814 385 1845 Hinkmar
403 1813 596 1845 beantwortet
615 1814 771 1846 nochmals
794 1814 868 1854 (vql.
885 1813 960 1844 oben
976 1813 1033 1844 Nr.
1053 1813 1112 1845 198
1126 1814 1158 1844 S.
1175 1813 1237 1844 204
1245 1813 1310 1854 ff),
1332 1814 1367 1844 in
1387 1813 1580 1853 abqeku'rzter
1598 1813 1701 1849 Form,
1725 1814 1783 1845 den

146 1867 234 1906 Brief
256 1866 425 1899 Nikolaus’
447 1868 476 1898 I.
500 1878 601 1908 weqen
622 1867 675 1898 der
700 1867 840 1898 Reimser
860 1866 1056 1898 Gcistlichcn.
1503 1866 1629 1897 Oktober
1651 1866 1720 1898 867.

238 1938 320 1964 Ham:
339 1938 417 1964 Laon
437 1938 490 1964 407
511 1938 555 1964 Bl.
568 1938 731 1969 165—174‘,
752 1938 777 1964 9.
790 1937 837 1964 Jh.
862 1937 931 1971 (B),
952 1937 1041 1963 kollat.
1062 1937 1097 1964 A.
1115 1937 1145 1963 V.
1167 1936 1283 1967 Mallem·
1305 1937 1388 1962 Paris
1407 1936 1452 1962 lat.
1473 1936 1544 1962 1458
1566 1937 1609 1963 ΒΖ.
1622 1936 1783 1967 182-185’,

143 1982 251 2008 9.-10.
265 1982 312 2008 ιΙῙι.
335 1983 400 2016 (C),
423 1983 512 2008 kollat.
532 1982 687 2013 Kmmmer,
706 1982 802 2008 Laehr.

241 2036 363 2062 Drucke:
382 2035 527 2062 cordesius
547 2036 650 2069 (1615)
669 2035 698 2061 S.
712 2036 764 2061 511
786 2035 834 2068 (ex
852 2043 914 2060 mss.
932 2034 1067 2060 codicibus
1082 2033 1199 2059 biblioth.
1216 2033 1348 2059 Thuanae
1364 2045 1391 2054 =
1407 2033 1455 2066 O).
1474 2048 1510 2052 —
1523 2033 1580 2059 Vmc
1597 2033 1626 2059 S.
1639 2033 1692 2059 217
1706 2033 1736 2059 Z.
1749 2033 1784 2059 32

142 2080 183 2106 bis
193 2079 222 2105 S.
231 2079 284 2106 219
292 2080 325 2106 Z.
335 2079 383 2106 18.-
394 2079 532 2111 Sirmemd,
541 2079 651 2106 Hincm.
664 2088 746 2113 opera
757 2079 800 2109 ΙΙ,
812 2079 879 2109 312,·
890 2078 1100 2104 Labbe-Cossart
1113 2077 1199 2108 VIII,
1211 2077 1296 2108 191&
1307 2077 1405 2103 Mami
1417 2077 1477 2108 XV,
1488 2077 1554 2108 783‚·
1565 2077 1661 2110 Miqne
1669 2077 1731 2108 126,
1738 2077 1781 2103 90.

234 2133 346 2159 Schriirs
367 2133 430 2166 Req.
444 2149 487 2158 —.

141 2217 263 2238 DOMINO
287 2217 488 2238 SANCTISSIMO
512 2217 550 2237 ET
574 2216 849 2238 REVERENTISSIMO
873 2214 999 2235 PATRUM
1028 2214 1120 2235 PATRI
1142 2213 1298 2234 NlOOLAOa
1324 2213 1443 2234 PRIMAE
1471 2213 1510 2234 Ac
1539 2213 1664 2234 SUMMAE
1695 2213 1781 2233 SEDIS

140 2257 348 2278 APOSTOLICAE
370 2257 409 2277 ET
432 2257 628 2279 UNIVERSALI
651 2256 750 2277 PAPAE
772 2254 954 2277 fflNcMARUS
976 2253 1131 2274 REMORUM
1153 2253 1321 2275 EPISCOPUS
1342 2253 1381 2273 ET
1395 2253 1536 2274 VESTRAE
1561 2252 1783 2274 SANCTISSIMAE

636 2295 862 2317 PATERNITATIS
885 2293 1114 2315 DEVOTISSIMUS
1139 2293 1307 2314 FAMULUS2.

233 2359 356 2386 Litteras
372 2360 566 2386 sanctissimae
584 2359 765 2393 paternitatis
781 2361 811 2384 et
828 2356 1110 2391 praecellentissimae
1126 2356 1306 2382 auctoritatis
1322 2357 1433 2381 vestrae
1451 2355 1536 2380 XIII.
1555 2354 1619 2380 Kal.
1638 2354 1700 2380 Iun.
1720 2354 1781 2380 XV.

141 2413 305 2439 indictionis
324 2413 361 2439 ab
382 2413 498 2447 Egilone
518 2413 671 2439 venerabili
691 2411 900 2445 archiepiscopo
922 2409 1057 2435 Sennensi
1077 2410 1181 2442 accepi.
1212 2409 1246 2434 In
1267 2408 1378 2442 quibus,
1398 2407 1447 2434 sed
1466 2410 1496 2433 et
1514 2407 1562 2433 inb
1581 2407 1684 2433 litteris
1702 2415 1782 2440 gene-

141 2466 237 2492 raliter
255 2466 292 2492 ad
309 2467 466 2500 episcopos,
485 2467 533 2500 qui
551 2467 581 2491 in
599 2465 709 2499 synodo
728 2467 823 2490 vestra
841 2463 1013 2489 auctoritate
1035 2464 1202 2495 eongregata
1219 2462 1296 2495 apud
1317 2461 1488 2487 Suessionisc
1504 2457 1678 2498 praeterito
1697 2467 1782 2486 anno

140 2518 264 2550 fuerunt,
282 2522 380 2546 tantas
396 2523 426 2545 et
442 2519 514 2546 tales
530 2519 736 2552 increpat-iones
753 2516 917 2550 indignitati
936 2524 1015 2542 meae
1032 2525 1049 2541 a
1065 2516 1206 2548 dignitate
1223 2517 1318 2541 vestra
1334 2515 1438 2540 inlatas
1454 2514 1560 2544 inveni,
1577 2514 1651 2539 sicut
1668 2515 1783 2546 peecata

141 2581 203 2599 mea
222 2575 374 2598 merentur.
412 2569 538 2607 Quibus
555 2570 597 2599 ad
614 2568 725 2599 omnia
744 2567 934 2608 respondere
953 2570 986 2596 et
1005 2564 1186 2596 humilitati
1207 2575 1295 2595 meae
1315 2564 1616 2605 praesumptiosum
1634 2566 1667 2593 et
1685 2561 1781 2592 subli—

226 2703 282 2727 199.
312 2704 336 2731 a)
355 2702 479 2726 Nicholao
498 2703 526 2726 C.
614 2702 637 2730 ¹³)
654 2701 724 2725 Fehzt
742 2702 770 2724 (Ι.
855 2702 878 2728 c)
898 2700 1032 2723 Suessonis
1049 2699 1079 2722 0.

233 2791 258 2821 1)
279 2790 343 2815 MG.
366 2790 453 2823 Epist.
472 2790 520 2818 Vl,
539 2790 591 2815 429
609 2790 638 2815 Ζ.
653 2790 687 2814 22
704 2789 753 2814 Nr.
768 2788 802 2813 18¹0
821 2787 912 2820 (J.-E.
926 2786 1024 2818 2823).
1138 2787 1165 2817 2)
1183 2785 1238 2817 Vql.
1257 2785 1321 2810 oben
1340 2784 1391 2809 Nr.
1407 2784 1460 2809 198
1478 2783 1508 2808 S.
1522 2783 1574 2808 205
1593 2783 1627 2808 A.
1642 2782 1665 2806 1.
1685 2781 1781 2806 Sowcit

139 2834 185 2859 der
205 2834 273 2859 Text
291 2834 350 2859 dem
367 2834 413 2859 des
432 2834 655 2867 vorherqehemlen
676 2833 787 2858 ›Stiiclces
805 2835 973 2856 enlnommen
995 2831 1037 2860 ist,
1056 2829 1118 2855 sind
1136 2829 1178 2854 (lie
1196 2828 1406 2861 Amnerkunqeu
1426 2827 1497 2853 nicht
1517 2825 1672 2852 wiederholt.

229 2883 397 2909 Erxs‘ronAE
412 2882 494 2909 VIII.
1537 2875 1572 2900 28

1810 337 1882 366 867.

1796 608 1815 627 2.
1826 607 1884 628 Tim.
1895 608 1916 632 4,
1927 608 1948 627 6.

1798 1017 1847 1040 Vgl.
1856 1016 1907 1036 Ioh.
1915 1016 1937 1041 8,
1945 1016 1979 1036 32,

1798 1043 1845 1066 vgl.
1861 1042 1896 1063 Ps.
1907 1042 1929 1068 5,
1941 1043 1960 1063 7.
