2220 3192
437 196 476 223 30
974 190 1160 216 HiNRMAR
1181 188 1256 214 VON
1280 186 1398 212 REIMS
1419 186 1536 211 48-49.

337 288 410 316 852.
434 285 475 316 ad
494 285 576 316 iram
593 284 682 315 dicit.
700 282 794 313 Unde
812 281 912 312 etiam
932 282 1108 320 postquam
1125 277 1164 307 de
1182 275 1281 306 libero
1298 274 1452 306 arbitriol
1470 278 1503 305 et
1519 273 1559 304 de
1575 272 1781 314 correptione
1799 275 1832 304 et
1849 272 1976 313 gratia²
1993 276 2026 303 et
2043 272 2082 303 de

438 337 634 379 perfectione
659 334 802 366 iustitiae
826 331 989 364 hominisss
1013 334 1046 361 et
1069 330 1108 360 de
1133 327 1430 370 praedestinatione
1455 329 1646 357 sanctorum
1669 325 1711 356 ad
1735 325 1935 367 Prosperum
1959 328 1992 356 et
2018 325 2080 357 Hi—

437 389 582 422 larumss
606 409 611 411 -
631 408 641 410 v
659 388 713 419 ubi
733 385 811 417 nihil
829 386 867 415 de
886 382 1182 425 praedestinatione
1200 380 1424 422 reproborum,
1444 379 1499 410 sed
1516 379 1556 410 de
1574 378 1874 420 praedestinatione
1892 381 2083 409 sanctorum

437 443 520 474 dixit
577 462 582 463 ν
613 440 725 472 multis
752 436 997 480 postulantibus
1023 435 1205 476 scripserat,
1233 433 1355 464 librum
1380 430 1678 473 ypomnesticonb⁵
1703 431 1858 462 adversus
1885 430 2083 462 Caelestium

437 500 469 525 et
490 494 657 534 Pelagium
677 491 806 532 scripsit
825 490 864 520 de
882 489 1029 530 quinque
1047 486 1295 529 quaestionibus
1315 489 1348 517 et
1366 486 1450 516 hanc
1471 487 1600 516 sextam
1620 483 1689 515 loco
1709 483 1952 515 retractationis
1971 495 2083 525 super-

436 547 561 579 addidit
583 546 622 576 de
639 543 944 586 praedestinatione.
962 541 1027 573 Ubi
1050 551 1082 572 se
1099 543 1234 572 excusat
1252 550 1317 570 non
1333 549 1370 570 eo
1388 549 1484 569 sensu
1501 537 1621 569 dixisse
1638 548 1696 568 nec
1713 536 1878 578 intellegic
1893 536 1975 568 velle
1992 548 2082 578 prae—

437 600 615 631 destinatos
629 597 670 629 ad
686 596 870 632 interitum,
887 595 942 626 sed
957 595 991 626 in
1007 593 1183 635 iniquitate
1196 592 1250 624 vel
1265 592 1437 634 impietate
1452 589 1737 633 perseverantibus
1752 600 1894 632 poenam
1909 600 1977 621 esse
1992 601 2082 632 prae-

436 653 645 684 destinatam.
674 651 823 687 Quarum
842 648 1076 689 quaestionum
1097 651 1130 678 et
1149 646 1397 678 absolutionum
1419 644 1623 676 mentionem
1643 643 1677 674 in
1698 642 1777 675 libro
1788 643 1812 681 θ,
1832 653 1934 684 quem
1954 643 2084 684 scripsit

436 709 548 737 contra
572 703 756 735 Manicheos
777 713 818 733 ex
841 701 968 738 Genesi,
992 700 1080 732 facit.

527 768 555 797 9.
572 765 632 796 Sed
643 765 660 783 *
675 768 708 795 et
721 765 760 795 de
775 764 879 805 gratia
892 763 945 794 vel
959 762 1058 794 libero
1072 761 1206 793 arbitrio
1220 761 1278 802 qui
1294 759 1410 792 melius
1425 759 1573 800 sapiunt,
1588 758 1636 790 ita
1649 758 1789 790 credunt
1803 761 1837 789 et
1850 758 1899 789 ita
1913 757 2083 790 locuntur:

436 819 617 851 Arbitrium
638 817 778 849 liberum
798 817 832 848 in
854 817 959 858 primo
980 815 1111 847 homine
1133 826 1199 846 non
1220 814 1284 844 fuit
1304 816 1505 850 emortuum,
1527 812 1582 843 sed
1601 811 1773 843 vitiatum.
1794 811 1835 842 In
1856 811 1950 842 nobis
1970 815 2085 843 autem

436 873 477 904 ad
493 870 635 904 malumd
644 870 808 911 agendum
822 869 997 900 arbitrium
1008 868 1092 900 male
1106 871 1155 899 est
1169 866 1320 904 liberum,
1330 866 1408 908 quia
1422 877 1441 897 a
1456 865 1560 906 gratia
1576 876 1642 896 non
1656 864 1804 902 liberato,
1816 865 1871 895 sed
1886 864 1970 896 male
1985 864 2084 896 libero

437 925 570 957 arbitrio
590 924 638 955 usi
655 923 818 955 efficimur
835 922 917 953 servi
936 922 1070 963 peccati.
1087 921 1139 952 Ad
1153 920 1236 952 bene
1252 919 1417 960 agendum
1432 922 1559 955 autem,
1577 918 1681 950 immo
1699 921 1732 948 et
1747 918 1790 949 ad
1805 917 1889 949 bene
1905 917 2086 949 volendum

437 983 518 1009 tunc
535 988 609 1008 vere
627 980 676 1008 est
692 976 868 1008 arbitrium
886 979 1037 1006 nostrum
1055 974 1205 1011 liberum,
1224 984 1301 1005 cum
1320 973 1419 1003 fuerit
1436 971 1540 1013 gratia
1559 971 1747 1003 liberatum.
1773 971 1869 1008 Quod
1887 981 1952 1001 non
1971 974 2021 1002 est
2038 982 2084 1002 re-

438 1031 647 1067 suscitatum,
665 1030 743 1071 quia
762 1040 828 1060 non
847 1028 911 1059 fuit
929 1031 1130 1064 emortuum,
1150 1027 1204 1058 sed
1222 1026 1327 1068 gratia
1344 1029 1394 1056 est
1411 1028 1579 1062 sanatum,
1597 1024 1676 1065 quia
1693 1024 1775 1055 vitio
1795 1024 1861 1055 fuit
1876 1027 2084 1065 corruptum.

436 1085 481 1116 Et
498 1083 625 1125 reprobi
642 1083 759 1114 idcirco
778 1092 987 1123 nequaquam
1003 1080 1151 1112 caelestis
1168 1080 1293 1121 patriae
1311 1078 1456 1120 praemia
1472 1081 1605 1110 aeterna
1623 1077 1817 1119 percipient,
1834 1077 1913 1118 quia
1930 1088 1967 1109 ea
1985 1088 2085 1115 nunc,

439 1138 519 1169 dum
530 1135 705 1178 promereri
716 1138 879 1176 poterant,
890 1145 931 1165 ex
941 1134 1040 1165 libero
1050 1133 1184 1165 arbitrio
1193 1135 1477 1173 contempserunt.
1495 1131 1590 1168 Quod
1599 1129 1751 1162 videlicet
1760 1129 1902 1162 liberum
1910 1129 2087 1162 arbitrium

440 1191 473 1222 in
492 1189 577 1221 bono
598 1189 759 1220 formatur
778 1187 899 1225 electis,
918 1198 997 1219 cum
1016 1197 1129 1218 eorum
1151 1197 1242 1218 mens
1261 1197 1280 1216 a
1299 1185 1436 1216 terrenis
1454 1184 1620 1216 desideriis
1638 1184 1743 1225 gratia
1762 1183 1930 1224 aspirante
1950 1194 2085 1225 suspen·

440 1243 539 1275 ditur.
554 1242 687 1273 Bonum
699 1241 834 1282 quippe,
847 1240 936 1281 quod
948 1240 1087 1281 agimus,
1101 1243 1134 1270 et
1145 1239 1205 1270 Dei
1219 1243 1268 1270 est
1281 1242 1315 1269 et
1328 1242 1495 1269 nostrum:
1507 1237 1568 1268 Dei
1582 1248 1638 1278 per
1652 1237 1921 1278 praevenientem
1933 1237 2085 1277 gratiam,

442 1300 591 1327 nostrum
608 1306 664 1336 per
680 1294 915 1335 obsequentem
931 1293 1067 1324 liberam
1082 1292 1303 1323 voluntatem.
1321 1290 1355 1322 Si
1371 1291 1461 1322 enim
1474 1291 1535 1322 Dei
1553 1301 1619 1321 non
1635 1294 1695 1327 est,
1715 1290 1801 1321 unde
1817 1290 1845 1321 ei
1862 1290 1897 1321 in
1913 1293 2087 1322 aeternum

440 1349 560 1389 gratias
572 1348 700 1389 agimus
710 1348 722 1379 ’ἐ
733 1347 881 1378 Rursum
894 1347 920 1377 si
935 1350 1085 1377 nostrum
1100 1356 1165 1376 non
1178 1349 1238 1382 est,
1252 1345 1337 1376 unde
1351 1344 1443 1375 nobis
1456 1343 1592 1375 retribui
1606 1343 1751 1385 praemia
1765 1344 1959 1384 speramus?
1981 1343 2063 1380 Quia
2074 1350 2085 1364 e

441 1412 512 1442 ergo
534 1412 600 1432 non
620 1400 799 1432 immeritam
819 1400 940 1440 gratias
959 1399 1098 1440 agimus,
1120 1399 1251 1436 scimus,
1272 1398 1361 1439 quod
1380 1397 1450 1428 eius
1472 1407 1606 1429 munere
1627 1396 1870 1438 praevenimur.
1890 1396 1936 1427 Et
1954 1407 2087 1428 rursum

440 1455 517 1496 quia
542 1465 608 1485 non
631 1453 796 1485 immerito
820 1452 1071 1484 retributionem
1093 1452 1293 1493 quaerimus,
1318 1450 1450 1487 scimus,
1474 1450 1563 1491 quod
1586 1449 1806 1491 subsequente
1829 1449 1929 1480 libero
1952 1449 2086 1481 arbitrio

228 1517 275 1540 Vel·
294 1516 328 1536 Pe.
341 1516 376 1540 ἥδ,
390 1518 424 1535 11-
440 1507 527 1539 bona
542 1506 709 1547 elegimus,
725 1517 809 1547 quae
824 1515 1005 1546 ageremus.
1019 1504 1115 1536 Unde
1131 1504 1216 1536 sicut
1232 1507 1346 1536 sancta
1361 1503 1524 1544 scriptura
1539 1503 1706 1540 docemur,
1723 1503 1828 1543 gratia
1844 1502 2086 1544 praevenimur,

445 1565 480 1591 ut
501 1560 582 1591 bene
603 1559 754 1590 velimus.
779 1559 838 1590 Per
861 1558 1001 1589 liberum
1022 1557 1196 1589 arbitrium
1217 1557 1358 1598 gratiam
1380 1556 1622 1596 subsequimur,
1646 1560 1684 1587 ut
1705 1555 1787 1587 bene
1807 1565 1962 1596 agamus;
1983 1556 2088 1596 gratia

441 1613 649 1649 adiuvamur,
672 1615 709 1643 ut
728 1611 811 1643 bene
830 1621 923 1652 agere
944 1611 1118 1652 possimus,
1140 1610 1227 1651 quod
1247 1609 1381 1641 arbitrio
1402 1609 1568 1646 volumus,
1591 1612 1624 1640 et
1643 1609 1748 1650 gratia
1768 1608 2027 1646 corroboramur,
2051 1612 2089 1639 ut

443 1667 477 1697 in
491 1665 588 1703 bono,
603 1665 691 1706 quod
707 1676 763 1706 per
779 1664 919 1696 liberum
933 1663 1107 1695 arbitrium
1123 1663 1348 1704 subsequendo
1364 1662 1544 1704 coepimus,
1568 1672 1821 1703 perseveremus,
1844 1665 1878 1693 et
1892 1662 1998 1703 gratia
2013 1661 2088 1692 sub-

443 1719 621 1760 sequimur,
645 1721 684 1749 ut
704 1721 737 1748 et
757 1718 861 1758 gratia
882 1717 997 1748 beatae
1018 1716 1243 1747 retributionis
1265 1726 1322 1757 pro
1345 1715 1449 1756 gratia
1470 1714 1575 1746 bonae
1596 1715 1796 1756 operationis
1817 1715 1963 1756 gratuita
1984 1715 2088 1756 gratia

298 1780 333 1800 Pa.
345 1780 380 1804 58,
392 1782 426 1800 ιι.
444 1782 700 1803 remuneremur.
724 1771 770 1801 Et
786 1770 1018 1802 ‘misericordia
1037 1769 1128 1806 eius',
1149 1769 1268 1810 inquit,
1289 1769 1321 1800 id
1340 1772 1390 1799 est
1407 1768 1523 1809 gratia,
1541 1767 1745 1809 ‘praeveniet
1765 1769 1844 1806 me'3
1864 1771 1898 1800 et
1917 1768 2014 1800 item:
2032 1767 2089 1799 ‘Et

298 1820 394 1869 Ρξῇξξζ
407 1820 427 1865 {j
445 1824 661 1856 misericordia
678 1824 747 1855 eius
764 1823 980 1864 subsequetur
998 1833 1049 1854 me
1065 1822 1220 1854 omnibus
1236 1821 1350 1853 diebus
1365 1821 1454 1852 vitae
1473 1821 1590 1858 meae'3
1608 1824 1656 1852 et:
1672 1820 1757 1858 ‘Qui
1773 1825 1910 1852 coronat
1926 1826 1960 1852 te
1976 1821 2011 1852 in
2030 1821 2087 1852 mi-

441 1877 610 1908 sericordia
631 1881 663 1907 et
686 1875 990 1907 miserationibus'7.

1224 2026 1295 2057 49*

523 2089 555 2119 Η
559 2089 683 2119 inkimzr
709 2099 751 2119 (m
772 2088 912 2129 Wulfinq,
940 2088 1031 2119 einen
1059 2087 1294 2118 Ministerz'alen
1321 2087 1437 2118 Kaisar
1463 2086 1593 2118 Lothars
1612 2086 1654 2117 I„-
1681 2092 1797 2118 erstem
1823 2095 1924 2127 weqen
1953 2087 2087 2118 Beruck-

440 2141 615 2182 sz'chtz'qunq
637 2142 722 2172 eines
747 2140 867 2179 Brieses
890 2141 996 2181 Kb'm'y
1018 2140 1116 2171 Karls
1137 2139 1189 2171 des
1212 2139 1337 2171 Kahlen
1358 2150 1401 2170 an
1423 2140 1525 2179 jemm.
1549 2139 1690 2170 zweitens
1712 2149 1813 2180 weqen
1833 2139 1887 2170 des
1909 2139 2087 2181 schuldiqen

440 2195 549 2225 Zinses
571 2205 631 2225 von
652 2194 705 2224 der
724 2193 806 2225 Villa
830 2194 950 2234 Douzy.
1728 2203 1782 2223 vor
1802 2192 1931 2224 Oktober
1953 2192 2024 2225 852.

533 2265 645 2290 ›S'chrors
668 2265 730 2297 Ray.
743 2265 786 2289 55.

535 2380 560 2409 *)
579 2379 748 2411 Vorausqehc:
771 2379 905 2411 Sequitur
925 2381 1022 2404 autem
1041 2379 1071 2403 in
1091 2370 1220 2411 praefata
1240 2378 1433 2411 responsione:
1458 2378 1490 2402 Β.

527 2472 550 2497 ²²)
570 2468 634 2492 Verb.
654 2469 683 2492 B.
770 2467 792 2498 ὓ)
811 2477 828 2498 y
852 2467 921 2493 verb..
946 2475 971 2490 m
996 2467 1142 2498 iiberqeschr.
1168 2468 1198 2491 Β,
1290 2469 1314 2497 C)
1332 2467 1449 2498 intelligi,
1474 2467 1567 2491 :meite-5
1593 2469 1600 2490 i
1624 2467 1718 2491 scheint
1745 2468 1806 2490 verb.
1834 2468 1864 2490 B.
1958 2466 1983 2497 ⁸¹)
2001 2468 2035 2491 So
2054 2468 2089 2495 B,-

444 2513 504 2536 wohl
523 2516 580 2536 stan
600 2512 673 2535 male.
760 2514 782 2541 θ)
802 2513 807 2534 i
828 2511 975 2541 aberqeschr.
997 2512 1026 2535 Β.
1113 2510 1132 2541 ¹>
1151 2511 1216 2535 Verb.
1235 2519 1282 2534 aas
1300 2512 1419 2535 inmerito
1440 2511 1471 2535 Β.

540 2601 563 2630 l)
585 2600 679 2631 illique
692 2600 735 2626 32.
748 2599 850 2631 1221sj.
942 2600 968 2629 2)
990 2599 1086 2631 Miyne
1098 2599 1141 2626 44.
1154 2599 1240 2632 915ᾔ.
1328 2600 1354 2630 3)
1376 2600 1456 2631 Corp.
1468 2598 1580 2624 lf'imlob.
1594 2598 1637 2628 42,
1651 2599 1700 2631 Iff.
1788 2600 1815 2629 4)
1836 2599 1932 2631 Aliqua
1945 2599 1988 2629 44,
2001 2599 2087 2632 959ff.

446 2646 472 2674 5)
493 2643 687 2676 t'91.0benNr.
702 2644 735 2668 -37
752 2643 780 2668 S.
796 2644 828 2668 17
848 2643 882 2668 A.
896 2643 921 2668 3.
1015 2644 1042 2674 6)
1064 2643 1097 2668 M
1101 2643 1159 2675 ique
1171 2643 1214 2671 34,
1235 2643 1320 2676 173ff.
1415 2644 1442 2673 7)
1464 2642 1515 2668 Die
1535 2642 1835 2675 Auscinandersctfzun9
1855 2643 1902 2668 mil
1920 2643 1980 2668 demv
2000 2643 2090 2676 Brieje

448 2688 597 2713 Hinknmrs
615 2687 727 2720 schliesst
748 2688 785 2712 im
804 2687 933 2712 ‘Libellus
952 2687 983 2711 dc
1002 2687 1086 2712 tribus
1106 2687 1234 2719 epistolis’
1259 2687 1370 2719 (Miqne
1383 2687 1444 2715 1:31,
1465 2687 1563 2719 1051):
1592 2687 1669 2712 Haec
1688 2687 1723 2712 de
1750 2687 1840 2720 prima
1866 2687 1996 2720 epistola,
2024 2688 2090 2721 quia

446 2732 541 2757 multis
566 2735 596 2757 et
622 2731 760 2764 perplexis
787 2731 998 2764 quaestionibus
1021 2731 1102 2764 plena
1123 2735 1193 2757 orat,
1216 2734 1300 2764 prout
1322 2731 1459 2756 Dominus
1481 2731 1585 2756 donare
1608 2731 1741 2764 dignatus
1762 2734 1815 2757 est.
1836 2732 1899 2764 ipsa
1919 2732 2089 2757 necessitate

446 2779 561 2807 cogente
586 2776 720 2809 prolixius
743 2776 874 2801 diximus.

2108 767 2135 786 10

2110 1032 2137 1051 15

2111 1298 2138 1317 20

2112 1563 2139 1583 25

2112 1829 2140 1848 30

2115 2268 2143 2287 35

2115 2649 2142 2667 40
