2220 3192
678 211 865 237 HINKMAR
886 211 964 238 VON
985 211 1105 238 R-EIMS
1127 211 1185 238 136,
1695 211 1753 241 101

106 297 359 331 Reconciliatio⁸
379 302 494 331 autem
516 303 590 341 post
612 300 853 342 paenitentiam
873 304 906 332 et
927 301 1225 333 reconciliationem
1245 301 1479 333 sacerdotalem
1499 301 1580 339 eius,
1602 302 1660 343 qui
1681 313 1755 344 pec-

103 352 201 388 cavit,
224 350 293 383 fieri
313 352 421 390 debet,
444 355 482 383 ut
503 353 594 394 prius
615 353 812 384 restituatur
833 353 986 386 ecclesiae
1007 358 1213 386 sacramento
1235 358 1267 386 et
1289 358 1401 396 postea
1423 354 1566 396 nuptiali
1588 356 1752 396 mysterio,

193 403 256 435 Etb
275 405 350 436 hinc
373 408 508 436 sanctus
526 406 734 447 Augustinus
754 406 789 437 in
810 407 950 438 secundo
973 407 1053 438 libro
1075 408 1114 439 de
1133 407 1328 439 adulterinis
1347 408 1508 449 coniugiis
1527 408 1640 440 dicit1:
1664 412 1753 440 Licite

105 463 201 495 itaque
224 461 383 488 dimittitur
405 462 529 488 coniunx
551 462 588 488 ob
610 471 726 489 causam
748 463 952 495 fornicationis,
974 464 1024 490 sed
1047 469 1144 491 manet
1166 464 1312 491 vinculum
1334 465 1459 498 pudoris,
1482 468 1599 499 propter
1621 465 1698 499 quod
1720 466 1753 492 fit

67 520 80 541 5
106 523 170 541 reus
187 513 328 545 adulterii,
346 515 394 548 qui
410 514 558 542 dimissam
574 515 688 541 duxerit
704 516 793 542 etiam
809 516 846 542 ob
862 516 935 543 hanc
951 526 1066 544 causam
1080 517 1283 544 fornicationis.
1303 517 1382 544 Sicut
1396 518 1472 544 enim
1488 518 1635 544 manentec
1647 519 1693 545 111ο
1707 523 1752 546 sec

104 570 283 594 sacramento
308 568 529 600 regenerationis
554 569 818 595 excommunicatus
843 570 1011 602 cuiusquam
1036 570 1117 596 reusd
1144 565 1286 597 criminisd
1310 579 1362 597 nec
1386 571 1435 597 illo
1460 574 1640 598 sacramento
1665 576 1752 604 caret,

103 621 217 647 etiamsi
232 628 391 653 numquam
407 620 604 646 reconcilietur
619 620 707 651 Deoss,
723 621 774 652 ita,
792 618 817 648 si
833 624 966 648 manente
982 623 1011 647 in
1027 631 1056 647 se
1073 623 1186 649 vinculo
1202 623 1322 650 foederis
1338 624 1492 658 coniugalis
1508 633 1580 651 uxor
1595 625 1753 652 dimittitur

104 674 141 700 ob
156 681 271 700 causam
286 672 492 703 fornicationis,
507 681 558 698 nec
574 673 681 699 carebit
695 673 758 699 illas
779 674 902 705 vinculo,
918 675 1032 700 etiamsi
1046 683 1204 709 numquam
1218 677 1414 704 reconcilietur
1429 678 1498 703 viro.
1515 677 1629 704 Carebit
1643 681 1751 710 autem,

102 727 126 753 si
142 729 272 753 mortuus
288 725 374 751 fuerit
385 726 511 755 vireius;
527 733 591 753 reus
602 734 669 751 vero
679 727 943 753 excommunicatus
959 727 1022 753 ideo
1038 736 1197 761 numquam
1213 729 1321 755 carebit
1336 731 1556 763 regenerationis
1572 735 1751 759 sacramento

53 785 78 805 1⁰
101 780 190 806 etiam
206 787 265 805 non
282 779 491 809 reconciliatus,
512 779 648 812 quoniam
666 787 824 812 numquam
844 781 964 805 moritur
982 780 1068 806 Deus.
1089 781 1230 807 Remanet
1248 782 1355 816 itaque,
1375 786 1417 813 ut,
1436 784 1459 809 si
1478 792 1575 817 sapere
1594 785 1751 812 secundum

103 832 266 867 apostolum
285 832 428 862 volumus,
448 840 505 857 non
525 831 654 858 dicamus
674 832 768 858 virum
787 832 950 858 adulterum
970 841 1020 866 pro
1042 836 1154 859 mortuo
1173 834 1371 868 deputandum
1390 840 1420 862 et
1439 836 1502 862 ideo
1519 837 1602 863 licere
1623 847 1751 866 uxorem

102 887 163 913 eius
180 885 262 912 alteri
278 885 393 911 nubere.
418 885 554 916 Quamvis
571 886 647 911 enim
664 885 701 910 sit
719 893 794 911 mors
811 885 983 912 adulterium
1000 894 1057 911 non
1073 888 1205 920 corporis,
1221 887 1281 919 sed,
1298 888 1373 921 quod
1391 890 1469 922 peius
1486 893 1538 920 est,
1555 891 1675 922 animae,
1693 901 1750 919 non

104 943 201 966 tamen
219 938 254 963 de
272 938 335 972 ipsa
354 941 444 965 morte
463 937 634 972 loquebatur
659 938 815 972 apostolus,
840 947 905 964 cum
929 938 1056 965 dicebat:
1081 935 1206 970 ‘Quodsi
1225 943 1354 966 mortuus
1372 941 1457 968 fuerit
1476 944 1518 968 vir
1535 944 1604 974 eius,
1624 945 1668 970 cui
1687 946 1749 972 vult

100 989 214 1022 nubat’,
227 990 277 1017 sed
289 990 323 1017 de
336 991 385 1017 illa
396 991 465 1022 sola,
478 994 573 1025 quaess
585 991 620 1017 de
633 999 749 1025 corpore
761 992 865 1017 exitur.
878 988 922 1019 Et
934 989 1017 1019 item
1029 989 1063 1019 in
1076 989 1207 1020 eodemh
1218 990 1243 1019 ‘21
1259 994 1337 1020 Haec
1350 1003 1472 1028 namque
1485 996 1611 1029 alligatio
1624 998 1750 1030 quando-

52 1050 79 1070 15
100 1045 216 1081 quidem
231 1053 289 1070 non
306 1044 437 1074 solvitur,
453 1045 568 1071 etiamsi
585 1052 634 1078 per
650 1044 800 1078 repudium
818 1045 942 1071 coniunx
959 1054 976 1071 a
993 1049 1072 1072 casta
1089 1047 1206 1079 coniuge
1223 1050 1371 1080 separetur
1377 1057 1383 1077 ;
1403 1048 1492 1074 multo
1510 1049 1602 1075 minus
1619 1050 1749 1083 solvitur,

99 1100 123 1125 si
136 1107 193 1125 non
207 1101 341 1131 separata
356 1097 529 1124 moechetur.
546 1097 586 1124 Ac
601 1106 650 1131 per
664 1097 718 1124 hoc
731 1106 788 1123 non
803 1107 867 1124 eam
882 1098 968 1124 solvit
982 1099 1036 1124 nisi
1051 1107 1126 1125 mors
1141 1100 1267 1132 coniugis
1282 1108 1338 1126 non
1353 1101 1381 1125 in
1396 1100 1569 1127 adulterium
1584 1105 1749 1135 corruentis,

99 1151 149 1178 sed
164 1151 199 1177 de
217 1159 333 1184 corpore
349 1152 491 1177 exeuntis.
515 1150 695 1184 Quapropter
711 1151 734 1176 si
750 1152 896 1177 recesserit
914 1152 1013 1177 mulier
1029 1152 1066 1178 ab
1082 1152 1213 1178 adultero
1229 1153 1290 1179 viro
1306 1156 1336 1178 et
1352 1154 1377 1178 61
1395 1154 1568 1180 reconciliari
1584 1164 1641 1181 non
1659 1157 1721 1182 vult
1732 1157 1750 1187 ί,

100 1207 216 1232 maneat
233 1205 365 1238 innupta.
386 1204 425 1230 Et
443 1204 466 1230 si
485 1203 642 1230 dimiseritk
661 1204 706 1229 vir
724 1204 885 1231 adulteram
905 1205 1051 1232 mulierem
1069 1209 1098 1231 et
1116 1214 1180 1231 eam
1199 1214 1256 1231 non
1276 1207 1340 1232 vult
1358 1207 1480 1240 recipere
1499 1216 1550 1233 nec
1570 1212 1635 1241 post
1655 1211 1748 1242 paeni-

98 1259 231 1288 tentiam,
247 1257 393 1284 custodiat
408 1258 626 1288 continentiam,
641 1257 695 1283 etsi
710 1266 767 1283 non
784 1258 933 1284 voluntate
949 1258 1069 1292 eligendi
1085 1259 1203 1292 potioris
1220 1258 1295 1289 boni,
1313 1262 1387 1285 certe
1403 1269 1438 1286 ex
1454 1262 1621 1287 necessitate
1639 1263 1748 1289 vitandi

49 1315 77 1335 20
98 1311 246 1346 pernitiosi
266 1310 342 1336 mali.
369 1307 413 1338 Et
438 1307 514 1338 hinc
536 1307 636 1338 latius
656 1307 689 1338 in
712 1308 868 1348 praefatis
888 1307 977 1339 libris
996 1309 1109 1339 doctor
1129 1308 1385 1340 facundissimus
1404 1310 1565 1351 disputat,
1587 1312 1671 1342 sicut
1691 1314 1749 1353 qui

97 1361 323 1401 intellegenter
339 1360 451 1401 legerit
467 1360 589 1391 nescire
605 1371 671 1391 non
688 1361 819 1401 poterit.
844 1360 905 1392 Sed
921 1364 954 1392 et
970 1361 1004 1392 in
1021 1362 1126 1402 primo
1143 1361 1223 1393 libro
1239 1362 1277 1393 de
1294 1363 1421 1403 nuptiis
1436 1367 1468 1394 et
1483 1364 1747 1405 concupiscentia

98 1414 177 1446 dicit
187 1414 210 1451 ³,
236 1414 314 1454 quia
331 1416 446 1444 lavacro
463 1417 684 1450 regenerationis
700 1420 731 1443 et
748 1417 835 1443 verbo
852 1417 1085 1444 sanctificationis
1103 1419 1199 1445 omnia
1216 1427 1329 1452 prorsus
1348 1420 1422 1446 mala
1440 1420 1587 1447 hominum
1604 1430 1747 1455 regenera-

99 1475 194 1499 torum
216 1470 406 1497 mundantur
426 1473 514 1504 atque
531 1473 679 1501 sanantur,
698 1479 755 1496 non
772 1470 863 1496 solum
886 1474 1011 1504 peccata,
1030 1480 1101 1505 quae
1123 1473 1219 1498 omnia
1240 1475 1315 1498 tunc
1336 1474 1524 1500 remittuntur
1544 1474 1572 1499 in
1595 1474 1746 1508 baptismo,

97 1524 147 1551 sed
163 1525 252 1550 etiam
270 1532 342 1557 quae
362 1524 502 1558 posterius
520 1524 646 1550 humana
662 1524 824 1557 ignorantia
843 1524 887 1549 vel
904 1523 1071 1551 infirmitate
1090 1525 1310 1551 contrahuntur:
1329 1534 1385 1551 non
1404 1530 1436 1552 ut
1455 1527 1598 1560 baptisma
1616 1529 1747 1561 quotiens

47 1581 75 1601 25
96 1580 232 1612 peccatur
249 1578 356 1604 totiens
374 1576 546 1610 repetatur¹,
572 1576 622 1602 sed
641 1577 707 1610 quia
724 1578 796 1611 ipso,
817 1577 892 1611 quod
911 1578 997 1604 semel
1015 1578 1110 1609 datur,
1130 1578 1172 1609 fit,
1191 1582 1225 1604 ut
1242 1587 1299 1604 non
1318 1579 1410 1606 solum
1428 1584 1522 1610 antea,
1542 1589 1641 1607 verum
1659 1582 1747 1608 etiam

97 1634 197 1665 postea
217 1630 411 1664 quorumlibet
430 1633 613 1663 peccatorum
631 1631 715 1657 venia
733 1630 863 1656 fidelibus
882 1631 1058 1664 impetretur.
1085 1631 1158 1663 Quid
1176 1632 1253 1658 enim
1272 1632 1402 1666 prodest
1422 1633 1465 1658 vel
1485 1637 1551 1659 ante
1572 1634 1747 1667 baptismum

97 1684 283 1718 paenitentia,
299 1684 354 1709 nisi
370 1683 531 1717 baptismus
547 1687 722 1717 sequeretur,
740 1684 785 1709 vel
802 1688 910 1717 postea,
927 1685 980 1710 nisi
997 1684 1198 1718 praecederet?
1214 1681 1258 1712 Et
1274 1682 1307 1712 in
1325 1682 1462 1723 epistola
1478 1683 1519 1713 ad
1538 1683 1747 1716 Bonifacium

96 1732 243 1765 scribit⁴t
260 1733 335 1765 Non
351 1736 460 1770 aliquid
476 1740 605 1763 remanet
620 1737 649 1762 in
666 1737 820 1770 baptismo,
839 1737 914 1771 quod
931 1746 987 1763 non
1004 1737 1169 1764 dimittatur
1186 1739 1404 1772 praeteritorum
1420 1740 1548 1766 omnium
1565 1744 1747 1773 peccatorum

97 1806 132 1810 —
143 1791 167 1816 si
182 1794 281 1816 tamen
299 1791 359 1824 ipse
378 1790 538 1824 baptismus
557 1799 614 1816 non
632 1789 738 1817 frustra
757 1790 823 1816 foris
842 1790 990 1821 habeatur,
1006 1791 1055 1816 sed
1073 1794 1125 1817 aut
1142 1792 1219 1817 intus
1237 1791 1321 1817 detur
1336 1795 1396 1823 aut,
1412 1793 1434 1818 si
1452 1793 1535 1819 11111111Ι
1551 1793 1618 1819 foris
1636 1794 1745 1825 datur,

45 1847 74 1868 30
94 1852 152 1870 non
164 1843 232 1869 foris
247 1852 312 1870 cum
324 1843 373 1869 illo
386 1846 567 1870 remaneatur
581 1859 624 1874 —,
638 1846 667 1869 et
681 1843 816 1877 quicquid
829 1844 866 1869 ab
879 1845 927 1874 eis,
943 1845 990 1877 qui
1004 1847 1069 1877 post
1082 1848 1231 1878 acceptum
1246 1845 1421 1878 baptismum
1435 1846 1480 1872 hic
1494 1847 1606 1877 vivunt,
1621 1847 1746 1873 humana

95 1897 262 1923 infirmitate
285 1896 465 1923 contrahitur
487 1905 731 1930 quarumcumque
754 1897 912 1930 culparum,
935 1900 1050 1930 propter
1071 1898 1166 1931 ipsum
1187 1897 1335 1924 lavacrum
1356 1898 1522 1925 dimittitur.

188 1946 273 1978 Hinc
295 1946 417 1987 liquido
436 1946 694 1984 demonstratur,
713 1947 803 1987 quia,
823 1947 908 1978 sicut
927 1947 1027 1978 semel
1043 1951 1219 1988 acceptum
1237 1947 1468 1989 baptismatis¹¹
1488 1954 1744 1987 sacramentum,

94 2010 159 2041 quo
174 2000 314 2040 quisque
332 1999 435 2030 fidelis
452 2000 485 2030 in
503 2000 631 2031 unitate
647 2000 824 2031 catholicae
841 2000 992 2031 ecclesiae
1008 2000 1135 2031 Christo
1152 2000 1390 2042 incorporatur,
1408 2006 1521 2042 postea
1539 2001 1629 2034 nulla
1647 2003 1745 2034 inter—

95 2053 247 2084 veniente
260 2064 360 2084 causa
375 2053 555 2090 amittitur,
567 2053 610 2084 sic
627 2057 659 2084 et
673 2052 846 2084 vinculum
861 2053 1029 2094 coniugale
1046 2052 1190 2095 legaliter
1205 2057 1238 2085 et
1254 2053 1447 2095 nuptialiter
1461 2055 1682 2087 celebratum⁰
1698 2057 1745 2087 in-

44 2112 72 2134 85
92 2105 325 2137 dissolubiliter
344 2109 457 2137 manet
477 2113 673 2143 conexumv,
691 2106 765 2138 licet
786 2106 1011 2137 fornicationis
1024 2117 1122 2137 causa
1137 2106 1190 2138 vel
1202 2117 1412 2148 quacumque
1426 2108 1465 2139 de
1479 2119 1578 2140 causa
1592 2109 1744 2140 videatur

95 2163 296 2200 separatum.
313 2159 418 2190 Causa
434 2169 510 2190 vero
528 2160 752 2191 fornicationis
768 2164 958 2200 separatum
975 2160 1001 2191 si
1017 2163 1091 2200 post
1107 2160 1349 2200 paenitentiam
1365 2161 1463 2192 fuerit
1479 2162 1661 2199 reunitum,
1678 2173 1743 2193 non

93 2215 207 2243 tamen
229 2212 299 2243 ideo
322 2212 384 2243 erit
406 2212 610 2249 reiteratum,
632 2213 739 2254 quodq
764 2217 934 2254 permanet
957 2224 1073 2244 unum.
1097 2212 1159 2244 Sed
1179 2214 1205 2244 si
1223 2214 1257 2244 in
1275 2214 1479 2246 continentia
1504 2215 1742 2256 paenitentiali,

93 2266 181 2306 quod
204 2265 307 2306 magis
329 2266 577 2306 paenitentibus
597 2266 763 2303 convenit,
788 2277 917 2298 manere
938 2266 1091 2307 coniuges
1113 2277 1178 2297 non
1199 2266 1370 2304 valebunt,
1393 2268 1654 2299 reconciliatione
1679 2280 1743 2300 me-

92 2318 227 2350 dicinali
250 2329 291 2349 ex
318 2324 452 2350 mutuor
481 2322 658 2350 consensur
682 2324 756 2360 post
780 2319 1032 2350 ecclesiasticam
1056 2319 1354 2352 reconciliationem
1378 2320 1582 2362 indulgentia
1606 2332 1742 2363 compu-

45 2379 73 2398 40
92 2371 218 2403 tabitur
238 2382 305 2402 esse
326 2376 501 2409 sanatum;
523 2373 607 2403 sicut
628 2383 685 2403 nec
707 2372 919 2409 baptismum⁵
939 2377 1070 2409 quotiens
1088 2380 1222 2409 peccatur
1239 2377 1344 2402 totiens
1360 2374 1544 2411 reiteratur,
1560 2375 1615 2405 sed
1631 2375 1742 2415 paeni-

176 2498 200 2526 8)
218 2495 251 2520 A.
264 2496 304 2520 R.:
322 2496 509 2520 Reconciliatio
526 2505 572 2528 per
588 2498 760 2528 penitentiam
779 2497 809 2520 B.
896 2495 920 2526 b)
938 2497 1042 2521 Et—Et
1061 2498 1151 2528 (unten
1168 2497 1196 2522 S.
1208 2500 1256 2524 102
1270 2498 1299 2522 Z.
1312 2499 1358 2529 15)
1375 2499 1532 2529 ausqelassen
1549 2499 1581 2523 D.
1676 2501 1699 2527 c)
1717 2500 1741 2522 111

95 2547 121 2563 se
138 2543 259 2564 manente
275 2540 354 2565 Sirm.
474 2539 499 2570 d)
517 2542 631 2565 criminis
653 2549 712 2565 reus
728 2541 804 2565 Siron.
923 2543 946 2571 θ)
964 2542 1076 2565 Domino
1093 2541 1170 2566 Sirm.
1301 2541 1320 2573 ἵ)
1336 2543 1378 2567 1Πο
1396 2544 1427 2567 Β.
1559 2546 1581 2573 g)
1599 2551 1650 2574 qua
1664 2544 1741 2567 Sirm.

95 2582 120 2614 11)
135 2584 226 2608 eadem
241 2584 319 2609 Sirm.
395 2582 414 2615 ¹)
431 2584 463 2609 A.
474 2585 516 2609 Rs
533 2586 559 2610 Si
574 2585 666 2609 mulier
680 2585 838 2610 reconciliari
854 2585 971 2609 adultero
987 2586 1042 2609 viro
1057 2594 1110 2610 non
1122 2586 1179 2610 vult
1194 2587 1224 2610 B.
1295 2586 1320 2618 k)
1337 2588 1476 2611 dimisserit
1495 2588 1526 2611 B.
1594 2586 1612 2618 ¹)
1629 2587 1695 2611 Πανί).
1711 2588 1740 2611 Β.

0 2653 1 2659 ¹
95 2630 127 2658 ¹¹¹)
149 2628 220 2653 Fehlt
242 2628 320 2653 sirm.
408 2632 432 2660 n)
456 2630 582 2661 baptismi
605 2629 683 2654 Sirm.
768 2632 791 2659 ⁰)
815 2629 975 2660 celebratum
996 2633 1053 2653 stete
1075 2630 1106 2654 B.
1200 2634 1224 2661 1³)
1246 2632 1279 2656 A.
1292 2632 1322 2655 R.
1344 2640 1389 2655 von
1411 2632 1470 2656 and.
1492 2632 1582 2656 Hand:
1604 2632 1740 2655 Vinculum

0 2662 1 2668 ἵ
43 2675 71 2695 45
93 2673 225 2704 coniugale
245 2673 359 2705 legitime
383 2674 477 2704 (verb.)
499 2673 658 2698 celebratum
680 2682 732 2698 non
753 2673 862 2698 solvitur
885 2674 915 2697 Β.
982 2676 1006 2703 (¹)
1029 2676 1090 2705 quia
1110 2675 1187 2699 Sirm.
1273 2678 1294 2705 1“)
1310 2684 1436 2700 consensu
1452 2680 1543 2700 mutuo
1559 2676 1636 2700 Sirra.

186 2762 212 2792 1)
232 2761 275 2791 ΙΙ,
296 2761 322 2792 4,
342 2761 423 2795 Corp.
441 2761 554 2787 Vindob.
575 2762 618 2791 41,
638 2761 698 2787 386.
816 2762 843 2793 2)
864 2761 974 2787 Ebenda
993 2762 1035 2792 II,
1057 2763 1099 2792 13,
1120 2763 1200 2796 Corp.
1218 2763 1330 2789 Vindob.
1351 2764 1394 2794 41,
1414 2763 1491 2795 397j.
1604 2763 1631 2794 3)
1651 2763 1675 2791 Ι,
1696 2762 1738 2791 33,

95 2803 175 2837 Corp.
192 2805 304 2831 Vindob.
325 2805 368 2833 42,
381 2806 443 2832 250.
557 2807 584 2837 4)
604 2805 693 2838 Epist.
714 2806 766 2831 185
784 2814 805 2831 c.
819 2806 862 2835 39,
882 2805 963 2839 Corp.
979 2806 1090 2832 Vindob.
1111 2808 1154 2834 57.
1168 2807 1226 2839 34f.
1335 2809 1362 2839 5)
1379 2808 1435 2840 1'9l.
1455 2808 1519 2833 oben
1536 2808 1566 2832 Z.
1580 2808 1613 2832 24
1623 2807 1644 2839 l.

1781 304 1856 335 860.

1765 951 1785 969 1.
1796 949 1846 970 Cor.
1857 951 1876 975 7,
1888 951 1923 971 39.
