<?xml version="1.0" encoding="UTF-8"?>
<!DOCTYPE html PUBLIC "-//W3C//DTD XHTML 1.0 Transitional//EN"
    "http://www.w3.org/TR/xhtml1/DTD/xhtml1-transitional.dtd">
<html xmlns="http://www.w3.org/1999/xhtml" xml:lang="en" lang="en">
 <head>
  <title>
</title>
<meta http-equiv="Content-Type" content="text/html;charset=utf-8" />
  <meta name='ocr-system' content='tesseract 3.04.00' />
  <meta name='ocr-capabilities' content='ocr_page ocr_carea ocr_par ocr_line ocrx_word'/>
</head>
<body>
  <div class='ocr_page' id='page_1' title='image "./monumentagerman08geseuoft_0191.png"; bbox 0 0 2220 3192; ppageno 0'>
   <div class='ocr_carea' id='block_1_1' title="bbox 62 812 88 831">
    <p class='ocr_par' dir='ltr' id='par_1_1' title="bbox 62 812 88 831">
     <span class='ocr_line' id='line_1_1' title="bbox 62 812 88 831; baseline -0.038 0"><span class='ocrx_word' id='word_1_1' title='bbox 62 812 88 831; x_wconf 86' lang='lat'><strong>10</strong></span> 
     </span>
    </p>
   </div>
   <div class='ocr_carea' id='block_1_2' title="bbox 57 1347 85 1366">
    <p class='ocr_par' dir='ltr' id='par_1_2' title="bbox 57 1347 85 1366">
     <span class='ocr_line' id='line_1_2' title="bbox 57 1347 85 1366; baseline -0.036 0"><span class='ocrx_word' id='word_1_2' title='bbox 57 1347 85 1366; x_wconf 79' lang='lat'><strong>20</strong></span> 
     </span>
    </p>
   </div>
   <div class='ocr_carea' id='block_1_3' title="bbox 56 1612 84 1631">
    <p class='ocr_par' dir='ltr' id='par_1_3' title="bbox 56 1612 84 1631">
     <span class='ocr_line' id='line_1_3' title="bbox 56 1612 84 1631; baseline 0 0"><span class='ocrx_word' id='word_1_3' title='bbox 56 1612 84 1631; x_wconf 78' lang='lat'><strong>¹25</strong></span> 
     </span>
    </p>
   </div>
   <div class='ocr_carea' id='block_1_4' title="bbox 55 1878 83 1897">
    <p class='ocr_par' dir='ltr' id='par_1_4' title="bbox 55 1878 83 1897">
     <span class='ocr_line' id='line_1_4' title="bbox 55 1878 83 1897; baseline 0 0"><span class='ocrx_word' id='word_1_4' title='bbox 55 1878 83 1897; x_wconf 81' lang='lat'><strong>30</strong></span> 
     </span>
    </p>
   </div>
   <div class='ocr_carea' id='block_1_5' title="bbox 55 2144 82 2162">
    <p class='ocr_par' dir='ltr' id='par_1_5' title="bbox 55 2144 82 2162">
     <span class='ocr_line' id='line_1_5' title="bbox 55 2144 82 2162; baseline 0 0"><span class='ocrx_word' id='word_1_5' title='bbox 55 2144 82 2162; x_wconf 71' lang='lat'><strong>35</strong></span> 
     </span>
    </p>
   </div>
   <div class='ocr_carea' id='block_1_6' title="bbox 56 2490 81 2507">
    <p class='ocr_par' dir='ltr' id='par_1_6' title="bbox 56 2490 81 2507">
     <span class='ocr_line' id='line_1_6' title="bbox 56 2490 81 2507; baseline 0 0"><span class='ocrx_word' id='word_1_6' title='bbox 56 2490 81 2507; x_wconf 78' lang='lat'><strong>40</strong></span> 
     </span>
    </p>
   </div>
   <div class='ocr_carea' id='block_1_7' title="bbox 55 2753 82 2772">
    <p class='ocr_par' dir='ltr' id='par_1_7' title="bbox 55 2753 82 2772">
     <span class='ocr_line' id='line_1_7' title="bbox 55 2753 82 2772; baseline 0 0"><span class='ocrx_word' id='word_1_7' title='bbox 55 2753 82 2772; x_wconf 77' lang='lat'><strong>45</strong></span> 
     </span>
    </p>
   </div>
   <div class='ocr_carea' id='block_1_8' title="bbox 690 240 1760 272">
    <p class='ocr_par' dir='ltr' id='par_1_8' title="bbox 690 240 1760 272">
     <span class='ocr_line' id='line_1_8' title="bbox 690 240 1760 272; baseline 0.007 -7"><span class='ocrx_word' id='word_1_8' title='bbox 690 240 876 266; x_wconf 85' lang='lat' dir='ltr'><strong>HINKMAR</strong></span> <span class='ocrx_word' id='word_1_9' title='bbox 896 242 973 268; x_wconf 92' lang='lat' dir='ltr'><strong>VON</strong></span> <span class='ocrx_word' id='word_1_10' title='bbox 994 243 1114 269; x_wconf 81' lang='lat' dir='ltr'><strong>REIMs</strong></span> <span class='ocrx_word' id='word_1_11' title='bbox 1136 244 1194 269; x_wconf 84' lang='lat'>184.</span> <span class='ocrx_word' id='word_1_12' title='bbox 1702 245 1760 272; x_wconf 74' lang='lat'><strong>183</strong></span> 
     </span>
    </p>
   </div>
   <div class='ocr_carea' id='block_1_9' title="bbox 105 325 1759 2337">
    <p class='ocr_par' dir='ltr' id='par_1_9' title="bbox 110 325 1759 1048">
     <span class='ocr_line' id='line_1_9' title="bbox 112 325 1759 372; baseline 0.006 -18"><span class='ocrx_word' id='word_1_13' title='bbox 112 325 273 356; x_wconf 83' lang='lat' dir='ltr'><strong>velatione</strong></span> <span class='ocrx_word' id='word_1_14' title='bbox 305 329 492 356; x_wconf 80' lang='lat' dir='ltr'><strong>retractans</strong></span> <span class='ocrx_word' id='word_1_15' title='bbox 525 327 571 372; x_wconf 86' lang='lat' dir='ltr'><strong>ita</strong></span> <span class='ocrx_word' id='word_1_16' title='bbox 605 328 752 358; x_wconf 79' lang='lat' dir='ltr'><strong>manerel</strong></span> <span class='ocrx_word' id='word_1_17' title='bbox 776 334 1037 361; x_wconf 79' lang='lat' dir='ltr'><strong>constitutionem</strong></span> <span class='ocrx_word' id='word_1_18' title='bbox 1070 332 1183 372; x_wconf 89' lang='lat' dir='ltr'><strong>prioris</strong></span> <span class='ocrx_word' id='word_1_19' title='bbox 1214 332 1353 369; x_wconf 76' lang='lat' dir='ltr'><strong>concilii,</strong></span> <span class='ocrx_word' id='word_1_20' title='bbox 1385 337 1434 362; x_wconf 91' lang='lat' dir='ltr'><strong>ubi</strong></span> <span class='ocrx_word' id='word_1_21' title='bbox 1453 337 1531 363; x_wconf 77' lang='lat' dir='ltr'><strong>nulla</strong></span> <span class='ocrx_word' id='word_1_22' title='bbox 1550 342 1682 371; x_wconf 75' lang='lat' dir='ltr'>perurget</span> <span class='ocrx_word' id='word_1_23' title='bbox 1708 345 1759 364; x_wconf 91' lang='lat' dir='ltr'><strong>ne-</strong></span> 
     </span>
     <span class='ocr_line' id='line_1_10' title="bbox 113 378 1759 427; baseline 0.004 -17"><span class='ocrx_word' id='word_1_24' title='bbox 113 379 256 415; x_wconf 74' lang='lat' dir='ltr'><strong>cessitas,</strong></span> <span class='ocrx_word' id='word_1_25' title='bbox 281 378 454 414; x_wconf 76' lang='lat' dir='ltr'><strong>decrevit2‚</strong></span> <span class='ocrx_word' id='word_1_26' title='bbox 483 382 519 408; x_wconf 92' lang='lat' dir='ltr'><strong>ut</strong></span> <span class='ocrx_word' id='word_1_27' title='bbox 544 391 600 408; x_wconf 92' lang='lat' dir='ltr'><strong>non</strong></span> <span class='ocrx_word' id='word_1_28' title='bbox 623 384 699 409; x_wconf 81' lang='lat' dir='ltr'><strong>obsit</strong></span> <span class='ocrx_word' id='word_1_29' title='bbox 723 383 891 421; x_wconf 73' lang='lat' dir='ltr'><strong>posteriori</strong></span> <span class='ocrx_word' id='word_1_30' title='bbox 915 384 1049 414; x_wconf 89' lang='lat' dir='ltr'><strong>concilio</strong></span> <span class='ocrx_word' id='word_1_31' title='bbox 1072 385 1167 415; x_wconf 86' lang='lat' dir='ltr'><strong>certis</strong></span> <span class='ocrx_word' id='word_1_32' title='bbox 1192 396 1249 426; x_wconf 88' lang='lat' dir='ltr'><strong>pro</strong></span> <span class='ocrx_word' id='word_1_33' title='bbox 1272 386 1377 416; x_wconf 88' lang='lat' dir='ltr'><strong>causis</strong></span> <span class='ocrx_word' id='word_1_34' title='bbox 1400 397 1448 422; x_wconf 84' lang='lat' dir='ltr'><strong>ea,</strong></span> <span class='ocrx_word' id='word_1_35' title='bbox 1471 397 1555 427; x_wconf 87' lang='lat' dir='ltr'><strong>quae</strong></span> <span class='ocrx_word' id='word_1_36' title='bbox 1577 387 1759 417; x_wconf 86' lang='lat' dir='ltr'><strong>constituta</strong></span> 
     </span>
     <span class='ocr_line' id='line_1_11' title="bbox 114 431 1758 477; baseline 0.005 -15"><span class='ocrx_word' id='word_1_37' title='bbox 114 432 255 468; x_wconf 80' lang='lat' dir='ltr'><strong>fuerant,</strong></span> <span class='ocrx_word' id='word_1_38' title='bbox 277 431 475 462; x_wconf 75' lang='lat' dir='ltr'>immutanti</span> <span class='ocrx_word' id='word_1_39' title='bbox 498 442 556 462; x_wconf 86' lang='lat' dir='ltr'><strong>nec</strong></span> <span class='ocrx_word' id='word_1_40' title='bbox 580 433 740 473; x_wconf 77' lang='lat' dir='ltr'><strong>posterius</strong></span> <span class='ocrx_word' id='word_1_41' title='bbox 762 440 910 464; x_wconf 81' lang='lat' dir='ltr'><strong>concilium</strong></span> <span class='ocrx_word' id='word_1_42' title='bbox 933 437 1029 477; x_wconf 84' lang='lat' dir='ltr'>priori</span> <span class='ocrx_word' id='word_1_43' title='bbox 1051 437 1170 471; x_wconf 77' lang='lat' dir='ltr'><strong>obviet,</strong></span> <span class='ocrx_word' id='word_1_44' title='bbox 1191 439 1262 468; x_wconf 86' lang='lat' dir='ltr'><strong>ubi3</strong></span> <span class='ocrx_word' id='word_1_45' title='bbox 1287 443 1365 469; x_wconf 79' lang='lat' dir='ltr'><strong>nulla</strong></span> <span class='ocrx_word' id='word_1_46' title='bbox 1386 438 1467 470; x_wconf 90' lang='lat' dir='ltr'><strong>illud</strong></span> <span class='ocrx_word' id='word_1_47' title='bbox 1494 446 1626 477; x_wconf 73' lang='lat' dir='ltr'>perurget</span> <span class='ocrx_word' id='word_1_48' title='bbox 1654 451 1758 471; x_wconf 87' lang='lat' dir='ltr'><strong>neces-</strong></span> 
     </span>
     <span class='ocr_line' id='line_1_12' title="bbox 112 484 1758 530; baseline 0.004 -15"><span class='ocrx_word' id='word_1_49' title='bbox 112 486 191 516; x_wconf 91' lang='lat' dir='ltr'><strong>sitas</strong></span> <span class='ocrx_word' id='word_1_50' title='bbox 207 485 396 516; x_wconf 89' lang='lat' dir='ltr'><strong>immutare.</strong></span> <span class='ocrx_word' id='word_1_51' title='bbox 419 484 481 515; x_wconf 78' lang='lat' dir='ltr'><strong>Sed</strong></span> <span class='ocrx_word' id='word_1_52' title='bbox 498 488 530 515; x_wconf 89' lang='lat' dir='ltr'><strong>et</strong></span> <span class='ocrx_word' id='word_1_53' title='bbox 547 486 585 516; x_wconf 88' lang='lat' dir='ltr'><strong>de</strong></span> <span class='ocrx_word' id='word_1_54' title='bbox 602 485 786 517; x_wconf 73' lang='lat' dir='ltr'><strong>Donatistis</strong></span> <span class='ocrx_word' id='word_1_55' title='bbox 803 488 975 521; x_wconf 80' lang='lat' dir='ltr'><strong>decrevit4.</strong></span> <span class='ocrx_word' id='word_1_56' title='bbox 995 494 1032 520; x_wconf 87' lang='lat' dir='ltr'><strong>ut</strong></span> <span class='ocrx_word' id='word_1_57' title='bbox 1048 491 1327 522; x_wconf 70' lang='lat' dir='ltr'><strong>consentientibus</strong></span> <span class='ocrx_word' id='word_1_58' title='bbox 1343 496 1505 522; x_wconf 73' lang='lat' dir='ltr'><strong>fratribus</strong></span> <span class='ocrx_word' id='word_1_59' title='bbox 1524 499 1553 521; x_wconf 83' lang='lat' dir='ltr'><strong>et</strong></span> <span class='ocrx_word' id='word_1_60' title='bbox 1570 497 1758 530; x_wconf 77' lang='lat' dir='ltr'><strong>coepiscopis,</strong></span> 
     </span>
     <span class='ocr_line' id='line_1_13' title="bbox 116 540 1757 585; baseline 0.005 -17"><span class='ocrx_word' id='word_1_61' title='bbox 116 543 239 568; x_wconf 77' lang='lat' dir='ltr'><strong>maxime</strong></span> <span class='ocrx_word' id='word_1_62' title='bbox 259 542 373 569; x_wconf 89' lang='lat' dir='ltr'><strong>autem</strong></span> <span class='ocrx_word' id='word_1_63' title='bbox 394 541 555 575; x_wconf 79' lang='lat' dir='ltr'><strong>apostolica</strong></span> <span class='ocrx_word' id='word_1_64' title='bbox 577 542 659 571; x_wconf 79' lang='lat' dir='ltr'><strong>sede,</strong></span> <span class='ocrx_word' id='word_1_65' title='bbox 681 550 699 569; x_wconf 87' lang='lat' dir='ltr'><strong>a</strong></span> <span class='ocrx_word' id='word_1_66' title='bbox 720 540 840 580; x_wconf 88' lang='lat' dir='ltr'><strong>quibus</strong></span> <span class='ocrx_word' id='word_1_67' title='bbox 863 541 935 572; x_wconf 87' lang='lat' dir='ltr'><strong>inde</strong></span> <span class='ocrx_word' id='word_1_68' title='bbox 959 542 1065 573; x_wconf 82' lang='lat' dir='ltr'><strong>fuerat</strong></span> <span class='ocrx_word' id='word_1_69' title='bbox 1086 544 1280 580; x_wconf 75' lang='lat' dir='ltr'><strong>diffinitum,</strong></span> <span class='ocrx_word' id='word_1_70' title='bbox 1302 549 1466 585; x_wconf 85' lang='lat' dir='ltr'><strong>quatenus</strong></span> <span class='ocrx_word' id='word_1_71' title='bbox 1487 550 1643 575; x_wconf 80' lang='lat' dir='ltr'><strong>seeundum</strong></span> <span class='ocrx_word' id='word_1_72' title='bbox 1664 551 1757 576; x_wconf 82' lang='lat' dir='ltr'><strong>unius-</strong></span> 
     </span>
     <span class='ocr_line' id='line_1_14' title="bbox 114 595 1758 634; baseline 0.004 -12"><span class='ocrx_word' id='word_1_73' title='bbox 114 596 249 628; x_wconf 90' lang='lat' dir='ltr'><strong>cuiusque</strong></span> <span class='ocrx_word' id='word_1_74' title='bbox 265 595 390 628; x_wconf 77' lang='lat' dir='ltr'><strong>episcopi</strong></span> <span class='ocrx_word' id='word_1_75' title='bbox 408 595 539 621; x_wconf 81' lang='lat' dir='ltr'><strong>catholici</strong></span> <span class='ocrx_word' id='word_1_76' title='bbox 558 595 737 621; x_wconf 86' lang='lat' dir='ltr'><strong>voluntatem</strong></span> <span class='ocrx_word' id='word_1_77' title='bbox 755 599 841 630; x_wconf 80' lang='lat' dir='ltr'><strong>atque</strong></span> <span class='ocrx_word' id='word_1_78' title='bbox 859 598 1016 626; x_wconf 81' lang='lat' dir='ltr'><strong>eonsilium.</strong></span> <span class='ocrx_word' id='word_1_79' title='bbox 1035 600 1082 632; x_wconf 88' lang='lat' dir='ltr'><strong>qui</strong></span> <span class='ocrx_word' id='word_1_80' title='bbox 1098 601 1127 625; x_wconf 91' lang='lat' dir='ltr'><strong>in</strong></span> <span class='ocrx_word' id='word_1_81' title='bbox 1144 601 1243 626; x_wconf 87' lang='lat' dir='ltr'><strong>codem</strong></span> <span class='ocrx_word' id='word_1_82' title='bbox 1260 601 1320 627; x_wconf 86' lang='lat' dir='ltr'><strong>loco</strong></span> <span class='ocrx_word' id='word_1_83' title='bbox 1337 602 1477 634; x_wconf 77' lang='lat' dir='ltr'><strong>gubernat</strong></span> <span class='ocrx_word' id='word_1_84' title='bbox 1493 603 1649 633; x_wconf 85' lang='lat' dir='ltr'><strong>ecclesiam,</strong></span> <span class='ocrx_word' id='word_1_85' title='bbox 1666 604 1688 628; x_wconf 90' lang='lat' dir='ltr'><strong>si</strong></span> <span class='ocrx_word' id='word_1_86' title='bbox 1706 604 1758 629; x_wconf 90' lang='lat' dir='ltr'><strong>hoc</strong></span> 
     </span>
     <span class='ocr_line' id='line_1_15' title="bbox 114 648 1757 688; baseline 0.004 -13"><span class='ocrx_word' id='word_1_87' title='bbox 114 649 176 682; x_wconf 84' lang='lat' dir='ltr'><strong>paci</strong></span> <span class='ocrx_word' id='word_1_88' title='bbox 197 648 372 674; x_wconf 79' lang='lat' dir='ltr'><strong>Christianae</strong></span> <span class='ocrx_word' id='word_1_89' title='bbox 393 648 525 681; x_wconf 86' lang='lat' dir='ltr'><strong>prodesse</strong></span> <span class='ocrx_word' id='word_1_90' title='bbox 546 649 639 674; x_wconf 83' lang='lat' dir='ltr'><strong>visum</strong></span> <span class='ocrx_word' id='word_1_91' title='bbox 660 649 754 677; x_wconf 80' lang='lat' dir='ltr'><strong>fuerit,</strong></span> <span class='ocrx_word' id='word_1_92' title='bbox 775 650 804 674; x_wconf 91' lang='lat' dir='ltr'><strong>in</strong></span> <span class='ocrx_word' id='word_1_93' title='bbox 823 651 880 675; x_wconf 84' lang='lat' dir='ltr'><strong>suis</strong></span> <span class='ocrx_word' id='word_1_94' title='bbox 900 651 1053 677; x_wconf 80' lang='lat' dir='ltr'><strong>honoribus</strong></span> <span class='ocrx_word' id='word_1_95' title='bbox 1072 654 1271 686; x_wconf 74' lang='lat' dir='ltr'><strong>suscipiantur,</strong></span> <span class='ocrx_word' id='word_1_96' title='bbox 1291 655 1364 680; x_wconf 87' lang='lat' dir='ltr'><strong>sicut</strong></span> <span class='ocrx_word' id='word_1_97' title='bbox 1384 655 1523 688; x_wconf 87' lang='lat' dir='ltr'><strong>prioribus</strong></span> <span class='ocrx_word' id='word_1_98' title='bbox 1542 656 1667 681; x_wconf 86' lang='lat' dir='ltr'><strong>eiusdem</strong></span> <span class='ocrx_word' id='word_1_99' title='bbox 1686 657 1757 682; x_wconf 85' lang='lat' dir='ltr'><strong>divi-</strong></span> 
     </span>
     <span class='ocr_line' id='line_1_16' title="bbox 111 702 1756 739; baseline 0.004 -11"><span class='ocrx_word' id='word_1_100' title='bbox 111 703 197 728; x_wconf 83' lang='lat' dir='ltr'><strong>sionis</strong></span> <span class='ocrx_word' id='word_1_101' title='bbox 216 702 392 735; x_wconf 80' lang='lat' dir='ltr'><strong>temporibus</strong></span> <span class='ocrx_word' id='word_1_102' title='bbox 412 702 522 727; x_wconf 85' lang='lat' dir='ltr'><strong>factum</strong></span> <span class='ocrx_word' id='word_1_103' title='bbox 541 710 601 726; x_wconf 80' lang='lat' dir='ltr'><strong>esse</strong></span> <span class='ocrx_word' id='word_1_104' title='bbox 622 702 806 728; x_wconf 85' lang='lat' dir='ltr'><strong>manifestum</strong></span> <span class='ocrx_word' id='word_1_105' title='bbox 825 707 881 733; x_wconf 61' lang='grc' dir='ltr'><strong>σείς</strong></span> <span class='ocrx_word' id='word_1_106' title='bbox 902 705 978 737; x_wconf 87' lang='lat' dir='ltr'><strong>quod</strong></span> <span class='ocrx_word' id='word_1_107' title='bbox 999 705 1152 731; x_wconf 78' lang='lat' dir='ltr'><strong>multarum</strong></span> <span class='ocrx_word' id='word_1_108' title='bbox 1171 710 1200 731; x_wconf 81' lang='lat' dir='ltr'><strong>et</strong></span> <span class='ocrx_word' id='word_1_109' title='bbox 1220 715 1290 739; x_wconf 86' lang='lat' dir='ltr'><strong>pene</strong></span> <span class='ocrx_word' id='word_1_110' title='bbox 1309 709 1437 733; x_wconf 87' lang='lat' dir='ltr'><strong>omnium</strong></span> <span class='ocrx_word' id='word_1_111' title='bbox 1457 709 1653 735; x_wconf 75' lang='lat' dir='ltr'><strong>Africanarum</strong></span> <span class='ocrx_word' id='word_1_112' title='bbox 1672 710 1756 736; x_wconf 82' lang='lat' dir='ltr'><strong>eccle-</strong></span> 
     </span>
     <span class='ocr_line' id='line_1_17' title="bbox 111 755 1756 796; baseline 0.004 -15"><span class='ocrx_word' id='word_1_113' title='bbox 111 756 226 785; x_wconf 83' lang='lat' dir='ltr'><strong>siarum,</strong></span> <span class='ocrx_word' id='word_1_114' title='bbox 244 755 346 788; x_wconf 88' lang='lat' dir='ltr'><strong>quibus</strong></span> <span class='ocrx_word' id='word_1_115' title='bbox 362 755 428 781; x_wconf 86' lang='lat' dir='ltr'><strong>talis</strong></span> <span class='ocrx_word' id='word_1_116' title='bbox 443 763 521 781; x_wconf 84' lang='lat' dir='ltr'><strong>error</strong></span> <span class='ocrx_word' id='word_1_117' title='bbox 535 757 652 780; x_wconf 78' lang='lat' dir='ltr'><strong>exortus</strong></span> <span class='ocrx_word' id='word_1_118' title='bbox 667 758 719 785; x_wconf 89' lang='lat' dir='ltr'><strong>est,</strong></span> <span class='ocrx_word' id='word_1_119' title='bbox 736 757 867 789; x_wconf 87' lang='lat' dir='ltr'><strong>exempla</strong></span> <span class='ocrx_word' id='word_1_120' title='bbox 883 759 1035 785; x_wconf 78' lang='lat' dir='ltr'><strong>testantur,</strong></span> <span class='ocrx_word' id='word_1_121' title='bbox 1052 767 1107 783; x_wconf 91' lang='lat' dir='ltr'><strong>non</strong></span> <span class='ocrx_word' id='word_1_122' title='bbox 1124 762 1156 783; x_wconf 90' lang='lat' dir='ltr'><strong>ut</strong></span> <span class='ocrx_word' id='word_1_123' title='bbox 1172 760 1331 787; x_wconf 80' lang='lat' dir='ltr'><strong>concilium.</strong></span> <span class='ocrx_word' id='word_1_124' title='bbox 1348 761 1423 794; x_wconf 90' lang='lat' dir='ltr'><strong>quod</strong></span> <span class='ocrx_word' id='word_1_125' title='bbox 1439 761 1467 786; x_wconf 86' lang='lat' dir='ltr'><strong>in</strong></span> <span class='ocrx_word' id='word_1_126' title='bbox 1483 763 1679 788; x_wconf 81' lang='lat' dir='ltr'><strong>transmarinis</strong></span> <span class='ocrx_word' id='word_1_127' title='bbox 1695 771 1756 796; x_wconf 85' lang='lat' dir='ltr'><strong>par-</strong></span> 
     </span>
     <span class='ocr_line' id='line_1_18' title="bbox 112 808 1757 846; baseline 0.005 -12"><span class='ocrx_word' id='word_1_128' title='bbox 112 809 189 835; x_wconf 86' lang='lat' dir='ltr'><strong>tibus</strong></span> <span class='ocrx_word' id='word_1_129' title='bbox 207 808 242 834; x_wconf 84' lang='lat' dir='ltr'><strong>de</strong></span> <span class='ocrx_word' id='word_1_130' title='bbox 260 809 313 834; x_wconf 88' lang='lat' dir='ltr'><strong>hac</strong></span> <span class='ocrx_word' id='word_1_131' title='bbox 331 817 360 834; x_wconf 89' lang='lat' dir='ltr'><strong>re</strong></span> <span class='ocrx_word' id='word_1_132' title='bbox 378 808 488 834; x_wconf 82' lang='lat' dir='ltr'><strong>factum</strong></span> <span class='ocrx_word' id='word_1_133' title='bbox 507 811 560 837; x_wconf 83' lang='lat' dir='ltr'><strong>est,</strong></span> <span class='ocrx_word' id='word_1_134' title='bbox 579 808 762 837; x_wconf 83' lang='lat' dir='ltr'><strong>dissolvatur,</strong></span> <span class='ocrx_word' id='word_1_135' title='bbox 781 809 829 834; x_wconf 85' lang='lat' dir='ltr'><strong>sed</strong></span> <span class='ocrx_word' id='word_1_136' title='bbox 849 812 881 835; x_wconf 90' lang='lat' dir='ltr'><strong>ut</strong></span> <span class='ocrx_word' id='word_1_137' title='bbox 899 810 969 835; x_wconf 89' lang='lat' dir='ltr'><strong>illud</strong></span> <span class='ocrx_word' id='word_1_138' title='bbox 988 814 1103 837; x_wconf 80' lang='lat' dir='ltr'><strong>maneat</strong></span> <span class='ocrx_word' id='word_1_139' title='bbox 1122 813 1194 838; x_wconf 78' lang='lat' dir='ltr'><strong>eirca</strong></span> <span class='ocrx_word' id='word_1_140' title='bbox 1212 821 1267 841; x_wconf 81' lang='lat' dir='ltr'><strong>eos,</strong></span> <span class='ocrx_word' id='word_1_141' title='bbox 1288 814 1334 846; x_wconf 85' lang='lat' dir='ltr'><strong>qui</strong></span> <span class='ocrx_word' id='word_1_142' title='bbox 1353 814 1392 839; x_wconf 87' lang='lat' dir='ltr'><strong>sic</strong></span> <span class='ocrx_word' id='word_1_143' title='bbox 1410 815 1528 840; x_wconf 86' lang='lat' dir='ltr'><strong>transire</strong></span> <span class='ocrx_word' id='word_1_144' title='bbox 1547 815 1582 840; x_wconf 88' lang='lat' dir='ltr'><strong>ad</strong></span> <span class='ocrx_word' id='word_1_145' title='bbox 1607 816 1757 842; x_wconf 84' lang='lat' dir='ltr'><strong>catolieam</strong></span> 
     </span>
     <span class='ocr_line' id='line_1_19' title="bbox 112 862 1756 901; baseline 0.004 -13"><span class='ocrx_word' id='word_1_146' title='bbox 112 862 223 892; x_wconf 80' lang='lat' dir='ltr'><strong>volunt,</strong></span> <span class='ocrx_word' id='word_1_147' title='bbox 242 864 275 888; x_wconf 89' lang='lat' dir='ltr'><strong>ut</strong></span> <span class='ocrx_word' id='word_1_148' title='bbox 293 862 370 887; x_wconf 88' lang='lat' dir='ltr'><strong>nulla</strong></span> <span class='ocrx_word' id='word_1_149' title='bbox 389 870 438 895; x_wconf 84' lang='lat' dir='ltr'><strong>per</strong></span> <span class='ocrx_word' id='word_1_150' title='bbox 454 870 502 887; x_wconf 84' lang='lat' dir='ltr'><strong>eos</strong></span> <span class='ocrx_word' id='word_1_151' title='bbox 521 862 641 888; x_wconf 85' lang='lat' dir='ltr'><strong>unitatis</strong></span> <span class='ocrx_word' id='word_1_152' title='bbox 659 863 853 895; x_wconf 82' lang='lat' dir='ltr'><strong>compensatio</strong></span> <span class='ocrx_word' id='word_1_153' title='bbox 872 866 1046 896; x_wconf 76' lang='lat' dir='ltr'><strong>procuretur.</strong></span> <span class='ocrx_word' id='word_1_154' title='bbox 1078 865 1129 889; x_wconf 88' lang='lat' dir='ltr'><strong>Per</strong></span> <span class='ocrx_word' id='word_1_155' title='bbox 1147 873 1217 898; x_wconf 86' lang='lat' dir='ltr'><strong>quos</strong></span> <span class='ocrx_word' id='word_1_156' title='bbox 1234 868 1331 891; x_wconf 84' lang='lat' dir='ltr'><strong>autem</strong></span> <span class='ocrx_word' id='word_1_157' title='bbox 1349 867 1392 891; x_wconf 83' lang='lat' dir='ltr'><strong>vel</strong></span> <span class='ocrx_word' id='word_1_158' title='bbox 1410 868 1573 893; x_wconf 86' lang='lat' dir='ltr'><strong>omnimodo</strong></span> <span class='ocrx_word' id='word_1_159' title='bbox 1599 869 1694 901; x_wconf 87' lang='lat' dir='ltr'><strong>perfici</strong></span> <span class='ocrx_word' id='word_1_160' title='bbox 1713 869 1756 894; x_wconf 84' lang='lat' dir='ltr'><strong>vel</strong></span> 
     </span>
     <span class='ocr_line' id='line_1_20' title="bbox 110 915 1756 953; baseline 0.003 -11"><span class='ocrx_word' id='word_1_161' title='bbox 110 915 240 942; x_wconf 83' lang='lat' dir='ltr'><strong>adiuvari</strong></span> <span class='ocrx_word' id='word_1_162' title='bbox 260 915 417 941; x_wconf 85' lang='lat' dir='ltr'><strong>manifestis</strong></span> <span class='ocrx_word' id='word_1_163' title='bbox 434 915 625 941; x_wconf 82' lang='lat' dir='ltr'><strong>fraternarum</strong></span> <span class='ocrx_word' id='word_1_164' title='bbox 642 916 803 941; x_wconf 86' lang='lat' dir='ltr'><strong>animarum</strong></span> <span class='ocrx_word' id='word_1_165' title='bbox 820 916 904 941; x_wconf 83' lang='lat' dir='ltr'><strong>lucris</strong></span> <span class='ocrx_word' id='word_1_166' title='bbox 922 917 1061 943; x_wconf 73' lang='lat' dir='ltr'><strong>catholiea</strong></span> <span class='ocrx_word' id='word_1_167' title='bbox 1079 918 1174 943; x_wconf 86' lang='lat' dir='ltr'><strong>unitas</strong></span> <span class='ocrx_word' id='word_1_168' title='bbox 1190 919 1219 943; x_wconf 83' lang='lat' dir='ltr'><strong>in</strong></span> <span class='ocrx_word' id='word_1_169' title='bbox 1236 918 1313 948; x_wconf 80' lang='lat' dir='ltr'><strong>locis,</strong></span> <span class='ocrx_word' id='word_1_170' title='bbox 1332 920 1434 952; x_wconf 87' lang='lat' dir='ltr'><strong>quibus</strong></span> <span class='ocrx_word' id='word_1_171' title='bbox 1450 920 1565 953; x_wconf 80' lang='lat' dir='ltr'><strong>degunt,</strong></span> <span class='ocrx_word' id='word_1_172' title='bbox 1584 922 1644 947; x_wconf 85' lang='lat' dir='ltr'><strong>visa</strong></span> <span class='ocrx_word' id='word_1_173' title='bbox 1661 922 1756 952; x_wconf 85' lang='lat' dir='ltr'><strong>fuerit,</strong></span> 
     </span>
     <span class='ocr_line' id='line_1_21' title="bbox 110 969 1755 1002; baseline 0.003 -7"><span class='ocrx_word' id='word_1_174' title='bbox 110 978 167 995; x_wconf 91' lang='lat' dir='ltr'><strong>non</strong></span> <span class='ocrx_word' id='word_1_175' title='bbox 184 970 224 994; x_wconf 82' lang='lat' dir='ltr'><strong>cis</strong></span> <span class='ocrx_word' id='word_1_176' title='bbox 241 969 326 999; x_wconf 83' lang='lat' dir='ltr'><strong>obsit,</strong></span> <span class='ocrx_word' id='word_1_177' title='bbox 346 969 422 1002; x_wconf 88' lang='lat' dir='ltr'><strong>quod</strong></span> <span class='ocrx_word' id='word_1_178' title='bbox 441 971 541 995; x_wconf 86' lang='lat' dir='ltr'><strong>contra</strong></span> <span class='ocrx_word' id='word_1_179' title='bbox 559 969 678 994; x_wconf 86' lang='lat' dir='ltr'><strong>honores</strong></span> <span class='ocrx_word' id='word_1_180' title='bbox 696 977 803 997; x_wconf 82' lang='lat' dir='ltr'><strong>eorum.</strong></span> <span class='ocrx_word' id='word_1_181' title='bbox 823 970 954 1002; x_wconf 82' lang='lat' dir='ltr'><strong>quamvis</strong></span> <span class='ocrx_word' id='word_1_182' title='bbox 971 970 1047 996; x_wconf 86' lang='lat' dir='ltr'><strong>salus</strong></span> <span class='ocrx_word' id='word_1_183' title='bbox 1066 970 1134 996; x_wconf 92' lang='lat' dir='ltr'><strong>nulli</strong></span> <span class='ocrx_word' id='word_1_184' title='bbox 1152 971 1304 997; x_wconf 81' lang='lat' dir='ltr'><strong>interclusa</strong></span> <span class='ocrx_word' id='word_1_185' title='bbox 1322 973 1367 999; x_wconf 78' lang='lat' dir='ltr'><strong>sit.</strong></span> <span class='ocrx_word' id='word_1_186' title='bbox 1386 973 1415 998; x_wconf 92' lang='lat' dir='ltr'><strong>in</strong></span> <span class='ocrx_word' id='word_1_187' title='bbox 1432 974 1620 999; x_wconf 81' lang='lat' dir='ltr'><strong>transmarino</strong></span> <span class='ocrx_word' id='word_1_188' title='bbox 1640 975 1755 1001; x_wconf 81' lang='lat' dir='ltr'><strong>concilio</strong></span> 
     </span>
     <span class='ocr_line' id='line_1_22' title="bbox 110 1024 325 1048; baseline -0.009 0"><span class='ocrx_word' id='word_1_189' title='bbox 110 1025 254 1048; x_wconf 86' lang='lat' dir='ltr'><strong>statutum</strong></span> <span class='ocrx_word' id='word_1_190' title='bbox 273 1024 325 1047; x_wconf 87' lang='lat' dir='ltr'><strong>est.</strong></span> 
     </span>
    </p>

    <p class='ocr_par' dir='ltr' id='par_1_10' title="bbox 105 1071 1755 2127">
     <span class='ocr_line' id='line_1_23' title="bbox 196 1071 1754 1115; baseline 0.003 -12"><span class='ocrx_word' id='word_1_191' title='bbox 196 1072 289 1103; x_wconf 82' lang='lat' dir='ltr'><strong>Unde</strong></span> <span class='ocrx_word' id='word_1_192' title='bbox 306 1075 487 1101; x_wconf 79' lang='lat' dir='ltr'><strong>manentibus</strong></span> <span class='ocrx_word' id='word_1_193' title='bbox 497 1071 510 1090; x_wconf 87' lang='lat'>⁵</span> <span class='ocrx_word' id='word_1_194' title='bbox 524 1075 654 1100; x_wconf 79' lang='lat' dir='ltr'><strong>statutis</strong></span> <span class='ocrx_word' id='word_1_195' title='bbox 667 1071 788 1111; x_wconf 82' lang='lat' dir='ltr'><strong>absque</strong></span> <span class='ocrx_word' id='word_1_196' title='bbox 804 1071 988 1112; x_wconf 76' lang='lat' dir='ltr'><strong>regularum</strong></span> <span class='ocrx_word' id='word_1_197' title='bbox 1003 1076 1036 1102; x_wconf 89' lang='lat' dir='ltr'><strong>et</strong></span> <span class='ocrx_word' id='word_1_198' title='bbox 1049 1072 1245 1114; x_wconf 83' lang='lat' dir='ltr'><strong>apostolicae.</strong></span> <span class='ocrx_word' id='word_1_199' title='bbox 1260 1074 1342 1104; x_wconf 86' lang='lat' dir='ltr'><strong>sedis</strong></span> <span class='ocrx_word' id='word_1_200' title='bbox 1358 1075 1552 1115; x_wconf 85' lang='lat' dir='ltr'><strong>praeiudicio</strong></span> <span class='ocrx_word' id='word_1_201' title='bbox 1566 1080 1599 1106; x_wconf 88' lang='lat' dir='ltr'><strong>et</strong></span> <span class='ocrx_word' id='word_1_202' title='bbox 1613 1076 1754 1107; x_wconf 85' lang='lat' dir='ltr'><strong>iudican—</strong></span> 
     </span>
     <span class='ocr_line' id='line_1_24' title="bbox 109 1124 1755 1166; baseline 0.002 -10"><span class='ocrx_word' id='word_1_203' title='bbox 109 1126 194 1156; x_wconf 88' lang='lat' dir='ltr'><strong>tium</strong></span> <span class='ocrx_word' id='word_1_204' title='bbox 220 1124 284 1156; x_wconf 91' lang='lat' dir='ltr'><strong>ullo</strong></span> <span class='ocrx_word' id='word_1_205' title='bbox 304 1125 500 1161; x_wconf 86' lang='lat' dir='ltr'><strong>discrimine,</strong></span> <span class='ocrx_word' id='word_1_206' title='bbox 521 1136 602 1165; x_wconf 89' lang='lat' dir='ltr'><strong>quos</strong></span> <span class='ocrx_word' id='word_1_207' title='bbox 629 1135 693 1156; x_wconf 89' lang='lat' dir='ltr'><strong>non</strong></span> <span class='ocrx_word' id='word_1_208' title='bbox 717 1124 823 1155; x_wconf 90' lang='lat' dir='ltr'><strong>solum</strong></span> <span class='ocrx_word' id='word_1_209' title='bbox 847 1126 1026 1156; x_wconf 86' lang='lat' dir='ltr'><strong>auctoritas</strong></span> <span class='ocrx_word' id='word_1_210' title='bbox 1051 1126 1324 1166; x_wconf 80' lang='lat' dir='ltr'><strong>Carthaginiensis</strong></span> <span class='ocrx_word' id='word_1_211' title='bbox 1347 1127 1473 1158; x_wconf 87' lang='lat' dir='ltr'><strong>concilii</strong></span> <span class='ocrx_word' id='word_1_212' title='bbox 1497 1128 1537 1158; x_wconf 81' lang='lat' dir='ltr'><strong>ab</strong></span> <span class='ocrx_word' id='word_1_213' title='bbox 1561 1130 1649 1160; x_wconf 91' lang='lat' dir='ltr'><strong>omni</strong></span> <span class='ocrx_word' id='word_1_214' title='bbox 1676 1141 1755 1160; x_wconf 89' lang='lat' dir='ltr'><strong>nevo</strong></span> 
     </span>
     <span class='ocr_line' id='line_1_25' title="bbox 108 1178 1755 1219; baseline 0.001 -10"><span class='ocrx_word' id='word_1_215' title='bbox 108 1178 254 1209; x_wconf 76' lang='lat' dir='ltr'><strong>defendit</strong></span> <span class='ocrx_word' id='word_1_216' title='bbox 264 1178 287 1210; x_wconf 76' lang='lat'><strong>⁶,</strong></span> <span class='ocrx_word' id='word_1_217' title='bbox 306 1179 332 1209; x_wconf 89' lang='lat' dir='ltr'><strong>Si</strong></span> <span class='ocrx_word' id='word_1_218' title='bbox 350 1190 451 1207; x_wconf 84' lang='lat' dir='ltr'><strong>eorum</strong></span> <span class='ocrx_word' id='word_1_219' title='bbox 470 1182 556 1207; x_wconf 87' lang='lat' dir='ltr'><strong>fuerit</strong></span> <span class='ocrx_word' id='word_1_220' title='bbox 572 1181 666 1207; x_wconf 84' lang='lat' dir='ltr'><strong>soluta</strong></span> <span class='ocrx_word' id='word_1_221' title='bbox 687 1182 839 1209; x_wconf 84' lang='lat' dir='ltr'><strong>sententia.</strong></span> <span class='ocrx_word' id='word_1_222' title='bbox 854 1179 910 1219; x_wconf 84' lang='lat' dir='ltr'><strong>qui</strong></span> <span class='ocrx_word' id='word_1_223' title='bbox 928 1183 1057 1208; x_wconf 74' lang='lat' dir='ltr'><strong>convinci</strong></span> <span class='ocrx_word' id='word_1_224' title='bbox 1080 1191 1136 1208; x_wconf 88' lang='lat' dir='ltr'><strong>non</strong></span> <span class='ocrx_word' id='word_1_225' title='bbox 1159 1186 1294 1216; x_wconf 79' lang='lat' dir='ltr'><strong>possunt</strong></span> <span class='ocrx_word' id='word_1_226' title='bbox 1311 1184 1353 1209; x_wconf 73' lang='lat' dir='ltr'><strong>vel</strong></span> <span class='ocrx_word' id='word_1_227' title='bbox 1376 1185 1489 1211; x_wconf 87' lang='lat' dir='ltr'><strong>inimico</strong></span> <span class='ocrx_word' id='word_1_228' title='bbox 1504 1186 1598 1210; x_wconf 88' lang='lat' dir='ltr'><strong>animo</strong></span> <span class='ocrx_word' id='word_1_229' title='bbox 1620 1186 1755 1212; x_wconf 82' lang='lat' dir='ltr'><strong>iudicasse</strong></span> 
     </span>
     <span class='ocr_line' id='line_1_26' title="bbox 108 1232 1755 1276; baseline 0.002 -14"><span class='ocrx_word' id='word_1_230' title='bbox 108 1235 168 1263; x_wconf 86' lang='lat' dir='ltr'><strong>aut</strong></span> <span class='ocrx_word' id='word_1_231' title='bbox 182 1235 278 1268; x_wconf 82' lang='lat' dir='ltr'><strong>aliqua</strong></span> <span class='ocrx_word' id='word_1_232' title='bbox 293 1235 452 1268; x_wconf 81' lang='lat' dir='ltr'><strong>cupiditate</strong></span> <span class='ocrx_word' id='word_1_233' title='bbox 467 1238 518 1261; x_wconf 78' lang='lat' dir='ltr'><strong>aut</strong></span> <span class='ocrx_word' id='word_1_234' title='bbox 532 1236 625 1268; x_wconf 75' lang='lat' dir='ltr'><strong>gratia</strong></span> <span class='ocrx_word' id='word_1_235' title='bbox 638 1235 798 1268; x_wconf 80' lang='lat' dir='ltr'><strong>depravati,</strong></span> <span class='ocrx_word' id='word_1_236' title='bbox 813 1242 927 1263; x_wconf 86' lang='lat' dir='ltr'><strong>verum</strong></span> <span class='ocrx_word' id='word_1_237' title='bbox 941 1236 975 1262; x_wconf 86' lang='lat' dir='ltr'><strong>et</strong></span> <span class='ocrx_word' id='word_1_238' title='bbox 988 1232 1074 1263; x_wconf 89' lang='lat' dir='ltr'><strong>idem</strong></span> <span class='ocrx_word' id='word_1_239' title='bbox 1088 1233 1275 1267; x_wconf 75' lang='lat' dir='ltr'><strong>concilium,</strong></span> <span class='ocrx_word' id='word_1_240' title='bbox 1290 1234 1343 1263; x_wconf 81' lang='lat' dir='ltr'><strong>sed</strong></span> <span class='ocrx_word' id='word_1_241' title='bbox 1358 1238 1390 1264; x_wconf 88' lang='lat' dir='ltr'><strong>et</strong></span> <span class='ocrx_word' id='word_1_242' title='bbox 1403 1234 1644 1265; x_wconf 88' lang='lat' dir='ltr'><strong>Anthiocenum</strong></span> <span class='ocrx_word' id='word_1_243' title='bbox 1657 1239 1755 1276; x_wconf 85' lang='lat' dir='ltr'><strong>atque</strong></span> 
     </span>
     <span class='ocr_line' id='line_1_27' title="bbox 107 1285 1755 1330; baseline 0.002 -15"><span class='ocrx_word' id='word_1_244' title='bbox 107 1286 235 1316; x_wconf 87' lang='lat' dir='ltr'><strong>decreta</strong></span> <span class='ocrx_word' id='word_1_245' title='bbox 246 1285 328 1316; x_wconf 87' lang='lat' dir='ltr'><strong>sedis</strong></span> <span class='ocrx_word' id='word_1_246' title='bbox 334 1285 502 1316; x_wconf 83' lang='lat' dir='ltr'><strong>Romanae</strong></span> <span class='ocrx_word' id='word_1_247' title='bbox 516 1285 712 1326; x_wconf 90' lang='lat' dir='ltr'><strong>pontificum</strong></span> <span class='ocrx_word' id='word_1_248' title='bbox 725 1285 919 1321; x_wconf 88' lang='lat' dir='ltr'><strong>Innocentii⁷</strong></span> <span class='ocrx_word' id='word_1_249' title='bbox 930 1286 1048 1316; x_wconf 84' lang='lat' dir='ltr'><strong>Zosimi</strong></span> <span class='ocrx_word' id='word_1_250' title='bbox 1059 1290 1158 1326; x_wconf 79' lang='lat' dir='ltr'><strong>atque</strong></span> <span class='ocrx_word' id='word_1_251' title='bbox 1167 1287 1281 1316; x_wconf 80' lang='lat' dir='ltr'><strong>Leonis</strong></span> <span class='ocrx_word' id='word_1_252' title='bbox 1292 1297 1344 1317; x_wconf 88' lang='lat' dir='ltr'><strong>eos</strong></span> <span class='ocrx_word' id='word_1_253' title='bbox 1354 1288 1597 1324; x_wconf 83' lang='lat' dir='ltr'><strong>commendant,</strong></span> <span class='ocrx_word' id='word_1_254' title='bbox 1608 1299 1663 1329; x_wconf 88' lang='lat' dir='ltr'><strong>per</strong></span> <span class='ocrx_word' id='word_1_255' title='bbox 1672 1299 1755 1330; x_wconf 87' lang='lat' dir='ltr'><strong>quae</strong></span> 
     </span>
     <span class='ocr_line' id='line_1_28' title="bbox 109 1338 1755 1381; baseline 0.003 -13"><span class='ocrx_word' id='word_1_256' title='bbox 109 1350 168 1369; x_wconf 90' lang='lat' dir='ltr'><strong>sua</strong></span> <span class='ocrx_word' id='word_1_257' title='bbox 185 1338 418 1369; x_wconf 86' lang='lat' dir='ltr'><strong>confirmavere</strong></span> <span class='ocrx_word' id='word_1_258' title='bbox 438 1338 568 1374; x_wconf 82' lang='lat' dir='ltr'><strong>iudicia,</strong></span> <span class='ocrx_word' id='word_1_259' title='bbox 585 1349 668 1379; x_wconf 84' lang='lat' dir='ltr'><strong>quae</strong></span> <span class='ocrx_word' id='word_1_260' title='bbox 686 1338 800 1369; x_wconf 82' lang='lat' dir='ltr'><strong>fratres</strong></span> <span class='ocrx_word' id='word_1_261' title='bbox 815 1343 848 1368; x_wconf 88' lang='lat' dir='ltr'><strong>et</strong></span> <span class='ocrx_word' id='word_1_262' title='bbox 862 1339 1044 1380; x_wconf 85' lang='lat' dir='ltr'><strong>coepiscopi</strong></span> <span class='ocrx_word' id='word_1_263' title='bbox 1061 1340 1161 1369; x_wconf 82' lang='lat' dir='ltr'><strong>nostri</strong></span> <span class='ocrx_word' id='word_1_264' title='bbox 1186 1339 1220 1370; x_wconf 91' lang='lat' dir='ltr'><strong>in</strong></span> <span class='ocrx_word' id='word_1_265' title='bbox 1237 1339 1426 1371; x_wconf 80' lang='lat' dir='ltr'><strong>Suessonica</strong></span> <span class='ocrx_word' id='word_1_266' title='bbox 1450 1342 1572 1381; x_wconf 90' lang='lat' dir='ltr'><strong>synodo</strong></span> <span class='ocrx_word' id='word_1_267' title='bbox 1586 1341 1755 1373; x_wconf 86' lang='lat' dir='ltr'><strong>Remensis</strong></span> 
     </span>
     <span class='ocr_line' id='line_1_29' title="bbox 107 1391 1755 1432; baseline 0.001 -9"><span class='ocrx_word' id='word_1_268' title='bbox 107 1391 257 1423; x_wconf 88' lang='lat' dir='ltr'><strong>ecclesiae</strong></span> <span class='ocrx_word' id='word_1_269' title='bbox 274 1391 348 1422; x_wconf 88' lang='lat' dir='ltr'><strong>filiis</strong></span> <span class='ocrx_word' id='word_1_270' title='bbox 364 1392 405 1422; x_wconf 92' lang='lat' dir='ltr'><strong>ab</strong></span> <span class='ocrx_word' id='word_1_271' title='bbox 421 1391 533 1422; x_wconf 87' lang='lat' dir='ltr'><strong>Ebone</strong></span> <span class='ocrx_word' id='word_1_272' title='bbox 550 1396 625 1432; x_wconf 89' lang='lat' dir='ltr'><strong>post</strong></span> <span class='ocrx_word' id='word_1_273' title='bbox 639 1392 877 1432; x_wconf 76' lang='lat' dir='ltr'><strong>depositionem</strong></span> <span class='ocrx_word' id='word_1_274' title='bbox 893 1403 988 1423; x_wconf 86' lang='lat' dir='ltr'><strong>suam</strong></span> <span class='ocrx_word' id='word_1_275' title='bbox 1005 1393 1162 1423; x_wconf 80' lang='lat' dir='ltr'><strong>ordinatis</strong></span> <span class='ocrx_word' id='word_1_276' title='bbox 1176 1404 1312 1424; x_wconf 82' lang='lat' dir='ltr'><strong>censura</strong></span> <span class='ocrx_word' id='word_1_277' title='bbox 1327 1393 1558 1425; x_wconf 85' lang='lat' dir='ltr'><strong>ecclesiasticae</strong></span> <span class='ocrx_word' id='word_1_278' title='bbox 1573 1395 1755 1426; x_wconf 87' lang='lat' dir='ltr'><strong>severitatis</strong></span> 
     </span>
     <span class='ocr_line' id='line_1_30' title="bbox 108 1445 1753 1487; baseline 0.002 -11"><span class='ocrx_word' id='word_1_279' title='bbox 108 1446 347 1476; x_wconf 85' lang='lat' dir='ltr'><strong>iudicaverunt.</strong></span> <span class='ocrx_word' id='word_1_280' title='bbox 371 1445 434 1476; x_wconf 85' lang='lat' dir='ltr'><strong>Ubi</strong></span> <span class='ocrx_word' id='word_1_281' title='bbox 457 1455 510 1475; x_wconf 90' lang='lat' dir='ltr'><strong>eos</strong></span> <span class='ocrx_word' id='word_1_282' title='bbox 533 1456 598 1476; x_wconf 87' lang='lat' dir='ltr'><strong>non</strong></span> <span class='ocrx_word' id='word_1_283' title='bbox 614 1445 777 1475; x_wconf 83' lang='lat' dir='ltr'><strong>iudicavi⁷</strong></span> <span class='ocrx_word' id='word_1_284' title='bbox 800 1456 856 1475; x_wconf 88' lang='lat' dir='ltr'><strong>nec</strong></span> <span class='ocrx_word' id='word_1_285' title='bbox 871 1456 948 1476; x_wconf 89' lang='lat' dir='ltr'><strong>cum</strong></span> <span class='ocrx_word' id='word_1_286' title='bbox 964 1445 1125 1476; x_wconf 88' lang='lat' dir='ltr'><strong>iudicibus</strong></span> <span class='ocrx_word' id='word_1_287' title='bbox 1140 1457 1252 1477; x_wconf 88' lang='lat' dir='ltr'><strong>eorum</strong></span> <span class='ocrx_word' id='word_1_288' title='bbox 1268 1446 1457 1487; x_wconf 73' lang='lat' dir='ltr'><strong>subscripsi3</strong></span> <span class='ocrx_word' id='word_1_289' title='bbox 1476 1452 1627 1478; x_wconf 86' lang='lat' dir='ltr'><strong>manente</strong></span> <span class='ocrx_word' id='word_1_290' title='bbox 1642 1448 1753 1485; x_wconf 87' lang='lat' dir='ltr'><strong>etiam,</strong></span> 
     </span>
     <span class='ocr_line' id='line_1_31' title="bbox 110 1498 1753 1542; baseline 0.001 -13"><span class='ocrx_word' id='word_1_291' title='bbox 110 1503 146 1529; x_wconf 91' lang='lat' dir='ltr'><strong>ut</strong></span> <span class='ocrx_word' id='word_1_292' title='bbox 157 1502 287 1540; x_wconf 90' lang='lat' dir='ltr'><strong>oportet</strong></span> <span class='ocrx_word' id='word_1_293' title='bbox 296 1502 330 1529; x_wconf 90' lang='lat' dir='ltr'><strong>et</strong></span> <span class='ocrx_word' id='word_1_294' title='bbox 346 1509 472 1529; x_wconf 86' lang='lat' dir='ltr'><strong>necesse</strong></span> <span class='ocrx_word' id='word_1_295' title='bbox 484 1503 544 1535; x_wconf 81' lang='lat' dir='ltr'><strong>est,</strong></span> <span class='ocrx_word' id='word_1_296' title='bbox 555 1502 664 1529; x_wconf 73' lang='lat' dir='ltr'><strong>auctor</strong></span> <span class='ocrx_word' id='word_1_297' title='bbox 673 1499 753 1529; x_wconf 79' lang='lat' dir='ltr'><strong>itate</strong></span> <span class='ocrx_word' id='word_1_298' title='bbox 766 1498 1009 1539; x_wconf 68' lang='lat' dir='ltr'><strong>privilegiorum</strong></span> <span class='ocrx_word' id='word_1_299' title='bbox 1020 1499 1131 1530; x_wconf 82' lang='lat' dir='ltr'><strong>domni</strong></span> <span class='ocrx_word' id='word_1_300' title='bbox 1146 1499 1311 1530; x_wconf 74' lang='lat' dir='ltr'><strong>Benedicti</strong></span> <span class='ocrx_word' id='word_1_301' title='bbox 1322 1504 1355 1530; x_wconf 85' lang='lat' dir='ltr'><strong>et</strong></span> <span class='ocrx_word' id='word_1_302' title='bbox 1365 1501 1475 1531; x_wconf 90' lang='lat' dir='ltr'><strong>domni</strong></span> <span class='ocrx_word' id='word_1_303' title='bbox 1492 1512 1528 1531; x_wconf 88' lang='lat' dir='ltr'><strong>ac</strong></span> <span class='ocrx_word' id='word_1_304' title='bbox 1540 1501 1641 1542; x_wconf 85' lang='lat' dir='ltr'><strong>patris</strong></span> <span class='ocrx_word' id='word_1_305' title='bbox 1653 1502 1753 1532; x_wconf 88' lang='lat' dir='ltr'><strong>nostri</strong></span> 
     </span>
     <span class='ocr_line' id='line_1_32' title="bbox 106 1551 1754 1593; baseline 0.001 -10"><span class='ocrx_word' id='word_1_306' title='bbox 106 1551 232 1583; x_wconf 86' lang='lat' dir='ltr'><strong>Nicolai</strong></span> <span class='ocrx_word' id='word_1_307' title='bbox 249 1552 390 1593; x_wconf 85' lang='lat' dir='ltr'><strong>papae⁸:</strong></span> <span class='ocrx_word' id='word_1_308' title='bbox 415 1552 440 1582; x_wconf 94' lang='lat' dir='ltr'><strong>si</strong></span> <span class='ocrx_word' id='word_1_309' title='bbox 466 1551 511 1582; x_wconf 91' lang='lat' dir='ltr'><strong>illi</strong></span> <span class='ocrx_word' id='word_1_310' title='bbox 530 1552 647 1592; x_wconf 80' lang='lat' dir='ltr'><strong>placet,</strong></span> <span class='ocrx_word' id='word_1_311' title='bbox 673 1552 725 1582; x_wconf 89' lang='lat' dir='ltr'><strong>cui</strong></span> <span class='ocrx_word' id='word_1_312' title='bbox 742 1556 863 1583; x_wconf 86' lang='lat' dir='ltr'><strong>cuncta</strong></span> <span class='ocrx_word' id='word_1_313' title='bbox 886 1552 971 1583; x_wconf 86' lang='lat' dir='ltr'><strong>bona</strong></span> <span class='ocrx_word' id='word_1_314' title='bbox 989 1552 1130 1593; x_wconf 70' lang='lat' dir='ltr'><strong>placent,</strong></span> <span class='ocrx_word' id='word_1_315' title='bbox 1158 1557 1192 1583; x_wconf 83' lang='lat' dir='ltr'><strong>ut</strong></span> <span class='ocrx_word' id='word_1_316' title='bbox 1210 1553 1381 1583; x_wconf 73' lang='lat' dir='ltr'><strong>decessoris</strong></span> <span class='ocrx_word' id='word_1_317' title='bbox 1397 1554 1446 1584; x_wconf 91' lang='lat' dir='ltr'><strong>sui</strong></span> <span class='ocrx_word' id='word_1_318' title='bbox 1465 1554 1630 1585; x_wconf 83' lang='lat' dir='ltr'><strong>Benedicti</strong></span> <span class='ocrx_word' id='word_1_319' title='bbox 1647 1559 1680 1585; x_wconf 88' lang='lat' dir='ltr'><strong>et</strong></span> <span class='ocrx_word' id='word_1_320' title='bbox 1695 1566 1754 1585; x_wconf 86' lang='lat' dir='ltr'><strong>sua</strong></span> 
     </span>
     <span class='ocr_line' id='line_1_33' title="bbox 108 1605 1754 1648; baseline 0.001 -12"><span class='ocrx_word' id='word_1_321' title='bbox 108 1605 266 1647; x_wconf 81' lang='lat' dir='ltr'><strong>privilegii</strong></span> <span class='ocrx_word' id='word_1_322' title='bbox 280 1616 299 1636; x_wconf 90' lang='lat' dir='ltr'><strong>a</strong></span> <span class='ocrx_word' id='word_1_323' title='bbox 315 1616 347 1636; x_wconf 86' lang='lat' dir='ltr'><strong>se</strong></span> <span class='ocrx_word' id='word_1_324' title='bbox 361 1606 548 1636; x_wconf 84' lang='lat' dir='ltr'><strong>confirmati</strong></span> <span class='ocrx_word' id='word_1_325' title='bbox 564 1605 727 1636; x_wconf 82' lang='lat' dir='ltr'><strong>sententia</strong></span> <span class='ocrx_word' id='word_1_326' title='bbox 742 1606 780 1636; x_wconf 78' lang='lat' dir='ltr'><strong>de</strong></span> <span class='ocrx_word' id='word_1_327' title='bbox 796 1606 845 1636; x_wconf 82' lang='lat' dir='ltr'><strong>his</strong></span> <span class='ocrx_word' id='word_1_328' title='bbox 862 1605 1016 1636; x_wconf 83' lang='lat' dir='ltr'><strong>fratribus</strong></span> <span class='ocrx_word' id='word_1_329' title='bbox 1033 1610 1164 1647; x_wconf 84' lang='lat' dir='ltr'><strong>propter</strong></span> <span class='ocrx_word' id='word_1_330' title='bbox 1182 1606 1431 1638; x_wconf 85' lang='lat' dir='ltr'><strong>miscricordiam</strong></span> <span class='ocrx_word' id='word_1_331' title='bbox 1448 1618 1503 1648; x_wconf 86' lang='lat' dir='ltr'><strong>per</strong></span> <span class='ocrx_word' id='word_1_332' title='bbox 1518 1607 1754 1648; x_wconf 82' lang='lat' dir='ltr'><strong>indulgentiam</strong></span> 
     </span>
     <span class='ocr_line' id='line_1_34' title="bbox 107 1658 1754 1700; baseline 0.001 -10"><span class='ocrx_word' id='word_1_333' title='bbox 107 1659 315 1695; x_wconf 70' lang='lat' dir='ltr'><strong>immutetur,</strong></span> <span class='ocrx_word' id='word_1_334' title='bbox 335 1658 389 1689; x_wconf 86' lang='lat' dir='ltr'><strong>ubi</strong></span> <span class='ocrx_word' id='word_1_335' title='bbox 405 1659 522 1689; x_wconf 71' lang='lat' dir='ltr'><strong>exinde</strong></span> <span class='ocrx_word' id='word_1_336' title='bbox 539 1659 702 1700; x_wconf 74' lang='lat' dir='ltr'><strong>scriptum</strong></span> <span class='ocrx_word' id='word_1_337' title='bbox 718 1658 878 1690; x_wconf 79' lang='lat' dir='ltr'><strong>habetur⁹</strong></span> <span class='ocrx_word' id='word_1_338' title='bbox 893 1663 972 1689; x_wconf 84' lang='lat' dir='ltr'><strong>salvo</strong></span> <span class='ocrx_word' id='word_1_339' title='bbox 991 1663 1136 1689; x_wconf 78' lang='lat' dir='ltr'><strong>Romanae</strong></span> <span class='ocrx_word' id='word_1_340' title='bbox 1152 1663 1225 1688; x_wconf 80' lang='lat' dir='ltr'><strong>sedis</strong></span> <span class='ocrx_word' id='word_1_341' title='bbox 1249 1664 1276 1688; x_wconf 89' lang='lat' dir='ltr'><strong>in</strong></span> <span class='ocrx_word' id='word_1_342' title='bbox 1293 1664 1424 1689; x_wconf 86' lang='lat' dir='ltr'><strong>omnibus</strong></span> <span class='ocrx_word' id='word_1_343' title='bbox 1446 1664 1522 1689; x_wconf 89' lang='lat' dir='ltr'><strong>iussu</strong></span> <span class='ocrx_word' id='word_1_344' title='bbox 1539 1667 1625 1698; x_wconf 87' lang='lat' dir='ltr'><strong>atque</strong></span> <span class='ocrx_word' id='word_1_345' title='bbox 1642 1665 1754 1693; x_wconf 84' lang='lat' dir='ltr'><strong>iudicio,</strong></span> 
     </span>
     <span class='ocr_line' id='line_1_35' title="bbox 106 1712 1753 1753; baseline 0.001 -10"><span class='ocrx_word' id='word_1_346' title='bbox 106 1716 139 1743; x_wconf 91' lang='lat' dir='ltr'><strong>et</strong></span> <span class='ocrx_word' id='word_1_347' title='bbox 156 1712 250 1743; x_wconf 88' lang='lat' dir='ltr'><strong>aliter</strong></span> <span class='ocrx_word' id='word_1_348' title='bbox 267 1712 436 1743; x_wconf 87' lang='lat' dir='ltr'><strong>decretum</strong></span> <span class='ocrx_word' id='word_1_349' title='bbox 453 1712 667 1743; x_wconf 85' lang='lat' dir='ltr'><strong>confirmetur</strong></span> <span class='ocrx_word' id='word_1_350' title='bbox 686 1712 842 1753; x_wconf 85' lang='lat' dir='ltr'><strong>nobisque</strong></span> <span class='ocrx_word' id='word_1_351' title='bbox 861 1713 1041 1743; x_wconf 84' lang='lat' dir='ltr'><strong>tenendum</strong></span> <span class='ocrx_word' id='word_1_352' title='bbox 1063 1714 1246 1747; x_wconf 71' lang='lat' dir='ltr'><strong>mandetur,</strong></span> <span class='ocrx_word' id='word_1_353' title='bbox 1267 1714 1362 1743; x_wconf 80' lang='lat' dir='ltr'><strong>iuxta</strong></span> <span class='ocrx_word' id='word_1_354' title='bbox 1382 1714 1638 1745; x_wconf 84' lang='lat' dir='ltr'><strong>moderationem</strong></span> <span class='ocrx_word' id='word_1_355' title='bbox 1658 1715 1753 1744; x_wconf 92' lang='lat' dir='ltr'><strong>Inno—</strong></span> 
     </span>
     <span class='ocr_line' id='line_1_36' title="bbox 106 1765 1753 1806; baseline 0 -10"><span class='ocrx_word' id='word_1_356' title='bbox 106 1766 216 1802; x_wconf 78' lang='lat' dir='ltr'><strong>centii‚</strong></span> <span class='ocrx_word' id='word_1_357' title='bbox 240 1765 296 1806; x_wconf 86' lang='lat' dir='ltr'><strong>qui</strong></span> <span class='ocrx_word' id='word_1_358' title='bbox 319 1769 562 1795; x_wconf 85' lang='lat' dir='ltr'><strong>observationem</strong></span> <span class='ocrx_word' id='word_1_359' title='bbox 586 1770 715 1803; x_wconf 77' lang='lat' dir='ltr'><strong>priorem</strong></span> <span class='ocrx_word' id='word_1_360' title='bbox 737 1770 901 1797; x_wconf 80' lang='lat' dir='ltr'><strong>duriorem.</strong></span> <span class='ocrx_word' id='word_1_361' title='bbox 926 1770 1117 1803; x_wconf 85' lang='lat' dir='ltr'><strong>posteriorem</strong></span> <span class='ocrx_word' id='word_1_362' title='bbox 1139 1770 1251 1797; x_wconf 78' lang='lat' dir='ltr'><strong>autem</strong></span> <span class='ocrx_word' id='word_1_363' title='bbox 1275 1771 1480 1796; x_wconf 84' lang='lat' dir='ltr'><strong>interveniente</strong></span> <span class='ocrx_word' id='word_1_364' title='bbox 1505 1771 1693 1797; x_wconf 76' lang='lat' dir='ltr'><strong>misericordia</strong></span> <span class='ocrx_word' id='word_1_365' title='bbox 1714 1772 1753 1796; x_wconf 89' lang='lat' dir='ltr'><strong>in-</strong></span> 
     </span>
     <span class='ocr_line' id='line_1_37' title="bbox 107 1819 1752 1860; baseline 0.001 -11"><span class='ocrx_word' id='word_1_366' title='bbox 107 1823 291 1850; x_wconf 78' lang='lat' dir='ltr'><strong>clinatiorem</strong></span> <span class='ocrx_word' id='word_1_367' title='bbox 305 1819 383 1850; x_wconf 85' lang='lat' dir='ltr'><strong>dicit</strong></span> <span class='ocrx_word' id='word_1_368' title='bbox 391 1819 428 1851; x_wconf 84' lang='lat'><strong>¹⁰.</strong></span> <span class='ocrx_word' id='word_1_369' title='bbox 441 1823 473 1849; x_wconf 86' lang='lat' dir='ltr'><strong>et</strong></span> <span class='ocrx_word' id='word_1_370' title='bbox 488 1823 595 1850; x_wconf 86' lang='lat' dir='ltr'><strong>vestra</strong></span> <span class='ocrx_word' id='word_1_371' title='bbox 612 1820 810 1855; x_wconf 76' lang='lat' dir='ltr'><strong>fraternitas,</strong></span> <span class='ocrx_word' id='word_1_372' title='bbox 822 1820 879 1860; x_wconf 90' lang='lat' dir='ltr'><strong>qui</strong></span> <span class='ocrx_word' id='word_1_373' title='bbox 894 1820 1023 1850; x_wconf 86' lang='lat' dir='ltr'><strong>eosdem</strong></span> <span class='ocrx_word' id='word_1_374' title='bbox 1040 1820 1153 1850; x_wconf 87' lang='lat' dir='ltr'><strong>fratres</strong></span> <span class='ocrx_word' id='word_1_375' title='bbox 1172 1820 1339 1850; x_wconf 82' lang='lat' dir='ltr'><strong>iudicastis</strong></span> <span class='ocrx_word' id='word_1_376' title='bbox 1354 1820 1404 1850; x_wconf 85' lang='lat' dir='ltr'><strong>vel</strong></span> <span class='ocrx_word' id='word_1_377' title='bbox 1418 1831 1559 1860; x_wconf 87' lang='lat' dir='ltr'><strong>quorum</strong></span> <span class='ocrx_word' id='word_1_378' title='bbox 1576 1821 1752 1851; x_wconf 86' lang='lat' dir='ltr'><strong>decessores</strong></span> 
     </span>
     <span class='ocr_line' id='line_1_38' title="bbox 106 1872 1751 1914; baseline 0.001 -11"><span class='ocrx_word' id='word_1_379' title='bbox 106 1872 177 1904; x_wconf 86' lang='lat' dir='ltr'><strong>illos</strong></span> <span class='ocrx_word' id='word_1_380' title='bbox 196 1873 437 1908; x_wconf 86' lang='lat' dir='ltr'><strong>iudicaverunt,</strong></span> <span class='ocrx_word' id='word_1_381' title='bbox 460 1873 609 1903; x_wconf 81' lang='lat' dir='ltr'><strong>unanimi</strong></span> <span class='ocrx_word' id='word_1_382' title='bbox 628 1872 843 1913; x_wconf 75' lang='lat' dir='ltr'><strong>benignitate,</strong></span> <span class='ocrx_word' id='word_1_383' title='bbox 864 1873 1002 1908; x_wconf 79' lang='lat' dir='ltr'><strong>iustitia,</strong></span> <span class='ocrx_word' id='word_1_384' title='bbox 1024 1873 1146 1913; x_wconf 82' lang='lat' dir='ltr'><strong>pietate</strong></span> <span class='ocrx_word' id='word_1_385' title='bbox 1165 1873 1296 1903; x_wconf 77' lang='lat' dir='ltr'><strong>condita</strong></span> <span class='ocrx_word' id='word_1_386' title='bbox 1315 1873 1512 1904; x_wconf 86' lang='lat' dir='ltr'><strong>consenserit</strong></span> <span class='ocrx_word' id='word_1_387' title='bbox 1530 1877 1628 1914; x_wconf 84' lang='lat' dir='ltr'><strong>atque</strong></span> <span class='ocrx_word' id='word_1_388' title='bbox 1647 1874 1751 1904; x_wconf 87' lang='lat' dir='ltr'><strong>decre-</strong></span> 
     </span>
     <span class='ocr_line' id='line_1_39' title="bbox 106 1925 1751 1967; baseline 0 -11"><span class='ocrx_word' id='word_1_389' title='bbox 106 1926 200 1961; x_wconf 84' lang='lat' dir='ltr'><strong>verit,</strong></span> <span class='ocrx_word' id='word_1_390' title='bbox 220 1926 307 1956; x_wconf 88' lang='lat' dir='ltr'><strong>sicut</strong></span> <span class='ocrx_word' id='word_1_391' title='bbox 326 1936 415 1956; x_wconf 83' lang='lat' dir='ltr'><strong>sacra</strong></span> <span class='ocrx_word' id='word_1_392' title='bbox 435 1931 468 1956; x_wconf 90' lang='lat' dir='ltr'><strong>et</strong></span> <span class='ocrx_word' id='word_1_393' title='bbox 489 1926 627 1966; x_wconf 85' lang='lat' dir='ltr'><strong>mystica</strong></span> <span class='ocrx_word' id='word_1_394' title='bbox 642 1926 764 1957; x_wconf 88' lang='lat' dir='ltr'><strong>Nicena</strong></span> <span class='ocrx_word' id='word_1_395' title='bbox 784 1927 927 1967; x_wconf 86' lang='lat' dir='ltr'><strong>synodus</strong></span> <span class='ocrx_word' id='word_1_396' title='bbox 946 1927 984 1956; x_wconf 88' lang='lat' dir='ltr'><strong>de</strong></span> <span class='ocrx_word' id='word_1_397' title='bbox 1003 1925 1231 1957; x_wconf 80' lang='lat' dir='ltr'><strong>Novatianisll</strong></span> <span class='ocrx_word' id='word_1_398' title='bbox 1249 1930 1281 1956; x_wconf 92' lang='lat' dir='ltr'><strong>et</strong></span> <span class='ocrx_word' id='word_1_399' title='bbox 1302 1937 1357 1966; x_wconf 85' lang='lat' dir='ltr'><strong>per</strong></span> <span class='ocrx_word' id='word_1_400' title='bbox 1376 1926 1613 1966; x_wconf 79' lang='lat' dir='ltr'><strong>indulgentiam</strong></span> <span class='ocrx_word' id='word_1_401' title='bbox 1632 1926 1666 1956; x_wconf 91' lang='lat' dir='ltr'><strong>in</strong></span> <span class='ocrx_word' id='word_1_402' title='bbox 1685 1927 1751 1967; x_wconf 88' lang='lat' dir='ltr'><strong>epi-</strong></span> 
     </span>
     <span class='ocr_line' id='line_1_40' title="bbox 106 1978 1751 2021; baseline -0.001 -12"><span class='ocrx_word' id='word_1_403' title='bbox 106 1978 223 2010; x_wconf 83' lang='lat' dir='ltr'><strong>stola¹²</strong></span> <span class='ocrx_word' id='word_1_404' title='bbox 240 1979 281 2010; x_wconf 87' lang='lat' dir='ltr'><strong>ad</strong></span> <span class='ocrx_word' id='word_1_405' title='bbox 301 1979 467 2010; x_wconf 87' lang='lat' dir='ltr'><strong>universos</strong></span> <span class='ocrx_word' id='word_1_406' title='bbox 484 1980 652 2021; x_wconf 79' lang='lat' dir='ltr'><strong>episcopos</strong></span> <span class='ocrx_word' id='word_1_407' title='bbox 672 1991 727 2020; x_wconf 86' lang='lat' dir='ltr'><strong>per</strong></span> <span class='ocrx_word' id='word_1_408' title='bbox 737 1980 936 2021; x_wconf 78' lang='lat' dir='ltr'><strong>Aegyptum,</strong></span> <span class='ocrx_word' id='word_1_409' title='bbox 954 1979 1080 2010; x_wconf 84' lang='lat' dir='ltr'><strong>Libiam</strong></span> <span class='ocrx_word' id='word_1_410' title='bbox 1098 1983 1131 2009; x_wconf 88' lang='lat' dir='ltr'><strong>et</strong></span> <span class='ocrx_word' id='word_1_411' title='bbox 1143 1978 1350 2019; x_wconf 84' lang='lat' dir='ltr'><strong>Pentapolim</strong></span> <span class='ocrx_word' id='word_1_412' title='bbox 1366 1980 1563 2010; x_wconf 89' lang='lat' dir='ltr'><strong>constitutos</strong></span> <span class='ocrx_word' id='word_1_413' title='bbox 1579 1980 1616 2010; x_wconf 89' lang='lat' dir='ltr'><strong>de</strong></span> <span class='ocrx_word' id='word_1_414' title='bbox 1636 1983 1751 2008; x_wconf 79' lang='lat' dir='ltr'><strong>Meietio</strong></span> 
     </span>
     <span class='ocr_line' id='line_1_41' title="bbox 107 2032 1751 2074; baseline 0 -11"><span class='ocrx_word' id='word_1_415' title='bbox 107 2033 290 2074; x_wconf 76' lang='lat' dir='ltr'><strong>dampnato</strong></span> <span class='ocrx_word' id='word_1_416' title='bbox 310 2036 442 2061; x_wconf 77' lang='lat' dir='ltr'><strong>clementi</strong></span> <span class='ocrx_word' id='word_1_417' title='bbox 461 2036 587 2066; x_wconf 84' lang='lat' dir='ltr'><strong>consilio,</strong></span> <span class='ocrx_word' id='word_1_418' title='bbox 605 2036 675 2062; x_wconf 88' lang='lat' dir='ltr'><strong>dum</strong></span> <span class='ocrx_word' id='word_1_419' title='bbox 694 2037 790 2062; x_wconf 80' lang='lat' dir='ltr'><strong>subtili</strong></span> <span class='ocrx_word' id='word_1_420' title='bbox 810 2045 932 2070; x_wconf 83' lang='lat' dir='ltr'><strong>veraque</strong></span> <span class='ocrx_word' id='word_1_421' title='bbox 951 2037 1059 2062; x_wconf 82' lang='lat' dir='ltr'><strong>ratione</strong></span> <span class='ocrx_word' id='word_1_422' title='bbox 1078 2036 1184 2062; x_wconf 90' lang='lat' dir='ltr'><strong>nullam</strong></span> <span class='ocrx_word' id='word_1_423' title='bbox 1203 2036 1315 2061; x_wconf 88' lang='lat' dir='ltr'><strong>veniam</strong></span> <span class='ocrx_word' id='word_1_424' title='bbox 1335 2039 1495 2066; x_wconf 78' lang='lat' dir='ltr'><strong>mereretur,</strong></span> <span class='ocrx_word' id='word_1_425' title='bbox 1513 2036 1546 2063; x_wconf 75' lang='lat' dir='ltr'><strong>et</strong></span> <span class='ocrx_word' id='word_1_426' title='bbox 1564 2032 1604 2063; x_wconf 83' lang='lat' dir='ltr'><strong>ab</strong></span> <span class='ocrx_word' id='word_1_427' title='bbox 1622 2043 1658 2063; x_wconf 77' lang='lat' dir='ltr'><strong>eo</strong></span> <span class='ocrx_word' id='word_1_428' title='bbox 1678 2037 1751 2073; x_wconf 72' lang='lat' dir='ltr'><strong>post·</strong></span> 
     </span>
     <span class='ocr_line' id='line_1_42' title="bbox 105 2085 1333 2127; baseline -0.002 -10"><span class='ocrx_word' id='word_1_429' title='bbox 105 2086 379 2126; x_wconf 86' lang='lat' dir='ltr'><strong>dampnationem</strong></span> <span class='ocrx_word' id='word_1_430' title='bbox 400 2086 487 2116; x_wconf 85' lang='lat' dir='ltr'><strong>illius</strong></span> <span class='ocrx_word' id='word_1_431' title='bbox 506 2087 675 2121; x_wconf 47' lang='lat' dir='ltr'><strong>ordinati&amp;</strong></span> <span class='ocrx_word' id='word_1_432' title='bbox 695 2098 777 2127; x_wconf 91' lang='lat' dir='ltr'><strong>quos</strong></span> <span class='ocrx_word' id='word_1_433' title='bbox 798 2086 986 2117; x_wconf 85' lang='lat' dir='ltr'><strong>Meletianos</strong></span> <span class='ocrx_word' id='word_1_434' title='bbox 1004 2085 1161 2126; x_wconf 87' lang='lat' dir='ltr'><strong>appellat,</strong></span> <span class='ocrx_word' id='word_1_435' title='bbox 1181 2085 1333 2116; x_wconf 77' lang='lat' dir='ltr'><strong>decrevit.</strong></span> 
     </span>
    </p>

    <p class='ocr_par' dir='ltr' id='par_1_11' title="bbox 107 2138 1750 2337">
     <span class='ocr_line' id='line_1_43' title="bbox 196 2138 1749 2180; baseline -0.003 -10"><span class='ocrx_word' id='word_1_436' title='bbox 196 2140 281 2170; x_wconf 85' lang='lat' dir='ltr'><strong>Nam</strong></span> <span class='ocrx_word' id='word_1_437' title='bbox 302 2139 388 2170; x_wconf 89' lang='lat' dir='ltr'><strong>idem</strong></span> <span class='ocrx_word' id='word_1_438' title='bbox 405 2143 544 2171; x_wconf 34' lang='lat' dir='ltr'><strong>Meletfius.</strong></span> <span class='ocrx_word' id='word_1_439' title='bbox 567 2144 603 2170; x_wconf 88' lang='lat' dir='ltr'><strong>ut</strong></span> <span class='ocrx_word' id='word_1_440' title='bbox 622 2140 654 2170; x_wconf 91' lang='lat' dir='ltr'><strong>in</strong></span> <span class='ocrx_word' id='word_1_441' title='bbox 675 2141 779 2170; x_wconf 83' lang='lat' dir='ltr'><strong>veraci</strong></span> <span class='ocrx_word' id='word_1_442' title='bbox 796 2144 826 2170; x_wconf 79' lang='lat' dir='ltr'><strong>et</strong></span> <span class='ocrx_word' id='word_1_443' title='bbox 849 2139 1030 2180; x_wconf 84' lang='lat' dir='ltr'><strong>recipienda</strong></span> <span class='ocrx_word' id='word_1_444' title='bbox 1046 2139 1188 2179; x_wconf 84' lang='lat' dir='ltr'><strong>hystoria</strong></span> <span class='ocrx_word' id='word_1_445' title='bbox 1209 2138 1389 2178; x_wconf 65' lang='lat' dir='ltr'><strong>legimusffl,</strong></span> <span class='ocrx_word' id='word_1_446' title='bbox 1411 2142 1493 2167; x_wconf 85' lang='lat' dir='ltr'><strong>unius</strong></span> <span class='ocrx_word' id='word_1_447' title='bbox 1513 2142 1637 2167; x_wconf 74' lang='lat' dir='ltr'><strong>civitatis</strong></span> <span class='ocrx_word' id='word_1_448' title='bbox 1658 2141 1749 2175; x_wconf 83' lang='lat' dir='ltr'><strong>Egyp-</strong></span> 
     </span>
     <span class='ocr_line' id='line_1_44' title="bbox 109 2195 1750 2230; baseline -0.001 -9"><span class='ocrx_word' id='word_1_449' title='bbox 109 2196 213 2221; x_wconf 87' lang='lat' dir='ltr'><strong>tiorum</strong></span> <span class='ocrx_word' id='word_1_450' title='bbox 231 2197 389 2230; x_wconf 84' lang='lat' dir='ltr'><strong>episcopus,</strong></span> <span class='ocrx_word' id='word_1_451' title='bbox 409 2196 462 2222; x_wconf 82' lang='lat' dir='ltr'><strong>sub</strong></span> <span class='ocrx_word' id='word_1_452' title='bbox 483 2197 566 2222; x_wconf 82' lang='lat' dir='ltr'><strong>Petro</strong></span> <span class='ocrx_word' id='word_1_453' title='bbox 582 2197 790 2223; x_wconf 81' lang='lat' dir='ltr'><strong>Alexandrinae</strong></span> <span class='ocrx_word' id='word_1_454' title='bbox 810 2197 934 2222; x_wconf 76' lang='lat' dir='ltr'><strong>civitatis</strong></span> <span class='ocrx_word' id='word_1_455' title='bbox 953 2196 1171 2229; x_wconf 72' lang='lat' dir='ltr'><strong>archiepiscopo,</strong></span> <span class='ocrx_word' id='word_1_456' title='bbox 1192 2195 1239 2228; x_wconf 91' lang='lat' dir='ltr'><strong>qui</strong></span> <span class='ocrx_word' id='word_1_457' title='bbox 1257 2195 1381 2228; x_wconf 84' lang='lat' dir='ltr'><strong>suscepit</strong></span> <span class='ocrx_word' id='word_1_458' title='bbox 1400 2195 1575 2220; x_wconf 85' lang='lat' dir='ltr'><strong>Diocletiano</strong></span> <span class='ocrx_word' id='word_1_459' title='bbox 1593 2195 1750 2228; x_wconf 85' lang='lat' dir='ltr'><strong>imperante</strong></span> 
     </span>
     <span class='ocr_line' id='line_1_45' title="bbox 109 2247 1748 2284; baseline -0.001 -10"><span class='ocrx_word' id='word_1_460' title='bbox 109 2250 287 2283; x_wconf 71' lang='lat' dir='ltr'><strong>martyrium„</strong></span> <span class='ocrx_word' id='word_1_461' title='bbox 306 2250 453 2283; x_wconf 84' lang='lat' dir='ltr'><strong>depositus</strong></span> <span class='ocrx_word' id='word_1_462' title='bbox 470 2253 514 2275; x_wconf 84' lang='lat' dir='ltr'><strong>est</strong></span> <span class='ocrx_word' id='word_1_463' title='bbox 531 2254 560 2276; x_wconf 88' lang='lat' dir='ltr'><strong>et</strong></span> <span class='ocrx_word' id='word_1_464' title='bbox 579 2254 695 2284; x_wconf 80' lang='lat' dir='ltr'><strong>propter</strong></span> <span class='ocrx_word' id='word_1_465' title='bbox 712 2251 781 2276; x_wconf 81' lang='lat' dir='ltr'><strong>alias</strong></span> <span class='ocrx_word' id='word_1_466' title='bbox 801 2250 904 2275; x_wconf 81' lang='lat' dir='ltr'><strong>multas</strong></span> <span class='ocrx_word' id='word_1_467' title='bbox 922 2258 1020 2275; x_wconf 75' lang='lat' dir='ltr'><strong>causas</strong></span> <span class='ocrx_word' id='word_1_468' title='bbox 1037 2252 1066 2274; x_wconf 84' lang='lat' dir='ltr'><strong>ct</strong></span> <span class='ocrx_word' id='word_1_469' title='bbox 1086 2249 1217 2278; x_wconf 79' lang='lat' dir='ltr'><strong>maxime,</strong></span> <span class='ocrx_word' id='word_1_470' title='bbox 1237 2249 1302 2281; x_wconf 83' lang='lat' dir='ltr'><strong>quia</strong></span> <span class='ocrx_word' id='word_1_471' title='bbox 1319 2249 1348 2273; x_wconf 91' lang='lat' dir='ltr'><strong>in</strong></span> <span class='ocrx_word' id='word_1_472' title='bbox 1366 2248 1558 2281; x_wconf 85' lang='lat' dir='ltr'><strong>persecutione</strong></span> <span class='ocrx_word' id='word_1_473' title='bbox 1576 2247 1630 2273; x_wconf 84' lang='lat' dir='ltr'><strong>fide</strong></span> <span class='ocrx_word' id='word_1_474' title='bbox 1648 2250 1748 2281; x_wconf 84' lang='lat' dir='ltr'><strong>negata</strong></span> 
     </span>
     <span class='ocr_line' id='line_1_46' title="bbox 107 2301 1750 2337; baseline -0.002 -9"><span class='ocrx_word' id='word_1_475' title='bbox 107 2303 324 2330; x_wconf 81' lang='lat' dir='ltr'><strong>sacrificaverat.</strong></span> <span class='ocrx_word' id='word_1_476' title='bbox 344 2303 418 2336; x_wconf 82' lang='lat' dir='ltr'><strong>Ergo</strong></span> <span class='ocrx_word' id='word_1_477' title='bbox 433 2303 607 2337; x_wconf 88' lang='lat' dir='ltr'><strong>dampnatus</strong></span> <span class='ocrx_word' id='word_1_478' title='bbox 623 2304 725 2329; x_wconf 84' lang='lat' dir='ltr'><strong>habuit</strong></span> <span class='ocrx_word' id='word_1_479' title='bbox 742 2303 845 2329; x_wconf 86' lang='lat' dir='ltr'><strong>multos</strong></span> <span class='ocrx_word' id='word_1_480' title='bbox 860 2311 993 2335; x_wconf 80' lang='lat' dir='ltr'><strong>sequaces</strong></span> <span class='ocrx_word' id='word_1_481' title='bbox 1008 2305 1037 2327; x_wconf 83' lang='lat' dir='ltr'><strong>et</strong></span> <span class='ocrx_word' id='word_1_482' title='bbox 1054 2302 1256 2328; x_wconf 72' lang='lat' dir='ltr'><strong>haeresiarcesa</strong></span> <span class='ocrx_word' id='word_1_483' title='bbox 1267 2302 1359 2327; x_wconf 82' lang='lat' dir='ltr'><strong>factus</strong></span> <span class='ocrx_word' id='word_1_484' title='bbox 1374 2304 1417 2326; x_wconf 88' lang='lat' dir='ltr'><strong>est</strong></span> <span class='ocrx_word' id='word_1_485' title='bbox 1432 2309 1539 2331; x_wconf 87' lang='lat' dir='ltr'><strong>eorum,</strong></span> <span class='ocrx_word' id='word_1_486' title='bbox 1550 2301 1597 2334; x_wconf 84' lang='lat' dir='ltr'><strong>qui</strong></span> <span class='ocrx_word' id='word_1_487' title='bbox 1614 2301 1750 2327; x_wconf 85' lang='lat' dir='ltr'><strong>hactenus</strong></span> 
     </span>
    </p>
   </div>
   <div class='ocr_carea' id='block_1_10' title="bbox 105 2354 1750 2390">
    <p class='ocr_par' dir='ltr' id='par_1_12' title="bbox 105 2354 1750 2390">
     <span class='ocr_line' id='line_1_47' title="bbox 105 2354 1750 2390; baseline -0.001 -9"><span class='ocrx_word' id='word_1_488' title='bbox 105 2356 143 2382; x_wconf 85' lang='lat' dir='ltr'><strong>ab</strong></span> <span class='ocrx_word' id='word_1_489' title='bbox 156 2365 189 2381; x_wconf 86' lang='lat' dir='ltr'><strong>eo</strong></span> <span class='ocrx_word' id='word_1_490' title='bbox 204 2357 233 2381; x_wconf 90' lang='lat' dir='ltr'><strong>in</strong></span> <span class='ocrx_word' id='word_1_491' title='bbox 244 2356 374 2390; x_wconf 79' lang='lat' dir='ltr'><strong>Aegypto</strong></span> <span class='ocrx_word' id='word_1_492' title='bbox 388 2357 531 2382; x_wconf 81' lang='lat' dir='ltr'><strong>Meletiani</strong></span> <span class='ocrx_word' id='word_1_493' title='bbox 547 2361 694 2384; x_wconf 80' lang='lat' dir='ltr'><strong>vocantur.</strong></span> <span class='ocrx_word' id='word_1_494' title='bbox 711 2356 817 2383; x_wconf 79' lang='lat' dir='ltr'><strong>nullam</strong></span> <span class='ocrx_word' id='word_1_495' title='bbox 833 2356 958 2381; x_wconf 80' lang='lat' dir='ltr'><strong>iustitiae</strong></span> <span class='ocrx_word' id='word_1_496' title='bbox 974 2355 1197 2381; x_wconf 76' lang='lat' dir='ltr'><strong>satisfactionem</strong></span> <span class='ocrx_word' id='word_1_497' title='bbox 1212 2354 1327 2384; x_wconf 80' lang='lat' dir='ltr'><strong>habens,</strong></span> <span class='ocrx_word' id='word_1_498' title='bbox 1343 2363 1391 2380; x_wconf 85' lang='lat' dir='ltr'><strong>eur</strong></span> <span class='ocrx_word' id='word_1_499' title='bbox 1405 2355 1570 2380; x_wconf 86' lang='lat' dir='ltr'><strong>remanserit</strong></span> <span class='ocrx_word' id='word_1_500' title='bbox 1584 2354 1621 2380; x_wconf 83' lang='lat' dir='ltr'><strong>ab</strong></span> <span class='ocrx_word' id='word_1_501' title='bbox 1635 2354 1750 2379; x_wconf 80' lang='lat' dir='ltr'><strong>ecclesia</strong></span> 
     </span>
    </p>
   </div>
   <div class='ocr_carea' id='block_1_11' title="bbox 106 2487 1749 2826">
    <p class='ocr_par' dir='ltr' id='par_1_13' title="bbox 106 2487 1749 2826">
     <span class='ocr_line' id='line_1_48' title="bbox 188 2487 434 2515; baseline 0 -5"><span class='ocrx_word' id='word_1_502' title='bbox 188 2489 211 2515; x_wconf 53' lang='grc' dir='ltr'><strong>ἢ)</strong></span> <span class='ocrx_word' id='word_1_503' title='bbox 230 2487 383 2511; x_wconf 78' lang='lat' dir='ltr'><strong>heresiarccs</strong></span> <span class='ocrx_word' id='word_1_504' title='bbox 405 2487 434 2510; x_wconf 86' lang='grc' dir='ltr'><strong>Β.</strong></span> 
     </span>
     <span class='ocr_line' id='line_1_49' title="bbox 219 2570 1749 2605; baseline -0.003 -5"><span class='ocrx_word' id='word_1_505' title='bbox 219 2576 242 2605; x_wconf 93' lang='lat' dir='ltr'><strong>l)</strong></span> <span class='ocrx_word' id='word_1_506' title='bbox 260 2574 316 2605; x_wconf 70' lang='lat' dir='ltr'><strong>Vql.</strong></span> <span class='ocrx_word' id='word_1_507' title='bbox 340 2575 368 2600; x_wconf 86' lang='lat' dir='ltr'><strong>S.</strong></span> <span class='ocrx_word' id='word_1_508' title='bbox 385 2575 438 2600; x_wconf 62' lang='lat'><strong>13⁴3</strong></span> <span class='ocrx_word' id='word_1_509' title='bbox 459 2575 489 2600; x_wconf 87' lang='lat' dir='ltr'><strong>Z.</strong></span> <span class='ocrx_word' id='word_1_510' title='bbox 505 2575 548 2601; x_wconf 76' lang='lat'><strong>15.</strong></span> <span class='ocrx_word' id='word_1_511' title='bbox 665 2575 690 2605; x_wconf 75' lang='lat'><strong>2)</strong></span> <span class='ocrx_word' id='word_1_512' title='bbox 713 2574 741 2599; x_wconf 64' lang='grc' dir='ltr'><strong>(ζ’.</strong></span> <span class='ocrx_word' id='word_1_513' title='bbox 756 2574 799 2600; x_wconf 70' lang='lat'><strong>93,</strong></span> <span class='ocrx_word' id='word_1_514' title='bbox 821 2572 911 2598; x_wconf 69' lang='lat' dir='ltr'><strong>s&#39;orler</strong></span> <span class='ocrx_word' id='word_1_515' title='bbox 930 2581 1062 2597; x_wconf 73' lang='lat' dir='ltr'><strong>canonum</strong></span> <span class='ocrx_word' id='word_1_516' title='bbox 1087 2572 1189 2604; x_wconf 84' lang='lat'><em>(1609)</em></span> <span class='ocrx_word' id='word_1_517' title='bbox 1212 2571 1239 2596; x_wconf 91' lang='lat' dir='ltr'><strong>S.</strong></span> <span class='ocrx_word' id='word_1_518' title='bbox 1258 2572 1324 2601; x_wconf 79' lang='lat'><em>270‚-</em></span> <span class='ocrx_word' id='word_1_519' title='bbox 1345 2570 1496 2596; x_wconf 70' lang='lat' dir='ltr'><strong>Hinschius</strong></span> <span class='ocrx_word' id='word_1_520' title='bbox 1515 2570 1542 2595; x_wconf 85' lang='lat' dir='ltr'><strong>S.</strong></span> <span class='ocrx_word' id='word_1_521' title='bbox 1559 2570 1611 2595; x_wconf 80' lang='lat'><strong>319</strong></span> <span class='ocrx_word' id='word_1_522' title='bbox 1633 2570 1749 2603; x_wconf 73' lang='lat' dir='ltr'><strong>(Konzil</strong></span> 
     </span>
     <span class='ocr_line' id='line_1_50' title="bbox 109 2614 1747 2651; baseline -0.002 -9"><span class='ocrx_word' id='word_1_523' title='bbox 109 2626 154 2642; x_wconf 78' lang='lat' dir='ltr'><strong>ron</strong></span> <span class='ocrx_word' id='word_1_524' title='bbox 168 2618 269 2643; x_wconf 60' lang='lat' dir='ltr'><strong>Allileve</strong></span> <span class='ocrx_word' id='word_1_525' title='bbox 286 2627 306 2644; x_wconf 80' lang='lat' dir='ltr'><strong>c.</strong></span> <span class='ocrx_word' id='word_1_526' title='bbox 321 2619 382 2651; x_wconf 75' lang='lat'><strong>26).</strong></span> <span class='ocrx_word' id='word_1_527' title='bbox 493 2619 521 2649; x_wconf 89' lang='lat'><strong>3)</strong></span> <span class='ocrx_word' id='word_1_528' title='bbox 543 2619 571 2643; x_wconf 90' lang='lat' dir='ltr'><strong>S.</strong></span> <span class='ocrx_word' id='word_1_529' title='bbox 590 2619 653 2644; x_wconf 72' lang='lat' dir='ltr'><strong>oben</strong></span> <span class='ocrx_word' id='word_1_530' title='bbox 673 2619 706 2643; x_wconf 70' lang='lat' dir='ltr'><strong>A,</strong></span> <span class='ocrx_word' id='word_1_531' title='bbox 723 2618 747 2643; x_wconf 92' lang='grc'><em>1.</em></span> <span class='ocrx_word' id='word_1_532' title='bbox 862 2618 889 2647; x_wconf 73' lang='lat'><strong>4)</strong></span> <span class='ocrx_word' id='word_1_533' title='bbox 911 2616 940 2641; x_wconf 74' lang='lat' dir='ltr'><strong>G.</strong></span> <span class='ocrx_word' id='word_1_534' title='bbox 955 2617 997 2643; x_wconf 66' lang='lat'><strong>35.</strong></span> <span class='ocrx_word' id='word_1_535' title='bbox 1016 2616 1107 2641; x_wconf 69' lang='lat' dir='ltr'><strong>Codex</strong></span> <span class='ocrx_word' id='word_1_536' title='bbox 1120 2624 1253 2641; x_wconf 70' lang='lat' dir='ltr'><strong>canonum</strong></span> <span class='ocrx_word' id='word_1_537' title='bbox 1269 2615 1370 2647; x_wconf 84' lang='lat'><em>(1609)</em></span> <span class='ocrx_word' id='word_1_538' title='bbox 1386 2615 1414 2640; x_wconf 85' lang='lat' dir='ltr'><strong>S.</strong></span> <span class='ocrx_word' id='word_1_539' title='bbox 1424 2614 1500 2646; x_wconf 51' lang='lat'><strong>231(</strong></span> <span class='ocrx_word' id='word_1_540' title='bbox 1508 2623 1516 2643; x_wconf 83' lang='lat'><strong>,·</strong></span> <span class='ocrx_word' id='word_1_541' title='bbox 1532 2614 1627 2646; x_wconf 68' lang='lat' dir='ltr'><strong>Miyne</strong></span> <span class='ocrx_word' id='word_1_542' title='bbox 1641 2615 1684 2641; x_wconf 75' lang='lat'><strong>67.</strong></span> <span class='ocrx_word' id='word_1_543' title='bbox 1696 2614 1747 2639; x_wconf 67' lang='lat'><strong>201</strong></span> 
     </span>
     <span class='ocr_line' id='line_1_51' title="bbox 106 2658 1745 2693; baseline -0.004 -6"><span class='ocrx_word' id='word_1_544' title='bbox 106 2671 126 2687; x_wconf 79' lang='lat' dir='ltr'><strong>c.</strong></span> <span class='ocrx_word' id='word_1_545' title='bbox 141 2663 182 2687; x_wconf 64' lang='grc' dir='ltr'><strong>ὃὸ.</strong></span> <span class='ocrx_word' id='word_1_546' title='bbox 278 2665 305 2693; x_wconf 81' lang='lat'><strong>5)</strong></span> <span class='ocrx_word' id='word_1_547' title='bbox 326 2663 354 2688; x_wconf 89' lang='lat' dir='ltr'><strong>S.</strong></span> <span class='ocrx_word' id='word_1_548' title='bbox 368 2663 431 2688; x_wconf 77' lang='lat' dir='ltr'><strong>oben</strong></span> <span class='ocrx_word' id='word_1_549' title='bbox 445 2663 473 2688; x_wconf 81' lang='lat' dir='ltr'><strong>S.</strong></span> <span class='ocrx_word' id='word_1_550' title='bbox 488 2664 540 2688; x_wconf 74' lang='lat'><strong>182</strong></span> <span class='ocrx_word' id='word_1_551' title='bbox 553 2663 583 2688; x_wconf 88' lang='grc' dir='ltr'><strong>Ζ.</strong></span> <span class='ocrx_word' id='word_1_552' title='bbox 598 2663 639 2688; x_wconf 73' lang='grc'><em>15.</em></span> <span class='ocrx_word' id='word_1_553' title='bbox 735 2663 761 2692; x_wconf 80' lang='grc'><em>6)</em></span> <span class='ocrx_word' id='word_1_554' title='bbox 783 2663 812 2686; x_wconf 65' lang='lat' dir='ltr'><strong>(J.</strong></span> <span class='ocrx_word' id='word_1_555' title='bbox 830 2662 872 2687; x_wconf 72' lang='grc'><em>15.</em></span> <span class='ocrx_word' id='word_1_556' title='bbox 887 2661 977 2685; x_wconf 65' lang='lat' dir='ltr'><strong>Codex</strong></span> <span class='ocrx_word' id='word_1_557' title='bbox 993 2669 1125 2685; x_wconf 72' lang='lat' dir='ltr'><strong>canonum</strong></span> <span class='ocrx_word' id='word_1_558' title='bbox 1147 2660 1248 2692; x_wconf 81' lang='grc'><em>(1609)</em></span> <span class='ocrx_word' id='word_1_559' title='bbox 1267 2660 1294 2684; x_wconf 86' lang='lat' dir='ltr'><strong>S.</strong></span> <span class='ocrx_word' id='word_1_560' title='bbox 1309 2660 1374 2687; x_wconf 74' lang='lat'><em>191:</em></span> <span class='ocrx_word' id='word_1_561' title='bbox 1393 2658 1543 2683; x_wconf 29' lang='lat' dir='ltr'><strong>Hinschfz‘us</strong></span> <span class='ocrx_word' id='word_1_562' title='bbox 1559 2658 1587 2683; x_wconf 83' lang='lat' dir='ltr'><strong>S.</strong></span> <span class='ocrx_word' id='word_1_563' title='bbox 1601 2658 1653 2683; x_wconf 74' lang='lat'><strong>298</strong></span> <span class='ocrx_word' id='word_1_564' title='bbox 1670 2667 1690 2682; x_wconf 76' lang='lat' dir='ltr'><strong>r.</strong></span> <span class='ocrx_word' id='word_1_565' title='bbox 1704 2658 1745 2683; x_wconf 88' lang='grc'><em>10.</em></span> 
     </span>
     <span class='ocr_line' id='line_1_52' title="bbox 106 2702 1744 2739; baseline -0.003 -8"><span class='ocrx_word' id='word_1_566' title='bbox 106 2707 132 2737; x_wconf 79' lang='grc'><em>7)</em></span> <span class='ocrx_word' id='word_1_567' title='bbox 151 2706 205 2739; x_wconf 69' lang='grc' dir='ltr'><strong>Γῃῖ.</strong></span> <span class='ocrx_word' id='word_1_568' title='bbox 228 2707 297 2732; x_wconf 36' lang='lat' dir='ltr'><strong>auch*</strong></span> <span class='ocrx_word' id='word_1_569' title='bbox 318 2707 383 2732; x_wconf 77' lang='lat' dir='ltr'><strong>oben</strong></span> <span class='ocrx_word' id='word_1_570' title='bbox 407 2708 436 2732; x_wconf 84' lang='lat' dir='ltr'><strong>S.</strong></span> <span class='ocrx_word' id='word_1_571' title='bbox 451 2708 503 2733; x_wconf 78' lang='lat'><strong>175</strong></span> <span class='ocrx_word' id='word_1_572' title='bbox 524 2707 554 2732; x_wconf 94' lang='lat' dir='ltr'><strong>Z.</strong></span> <span class='ocrx_word' id='word_1_573' title='bbox 568 2707 611 2739; x_wconf 79' lang='lat' dir='ltr'><strong>3j.</strong></span> <span class='ocrx_word' id='word_1_574' title='bbox 723 2708 749 2737; x_wconf 76' lang='lat'><strong>8)</strong></span> <span class='ocrx_word' id='word_1_575' title='bbox 770 2706 798 2731; x_wconf 83' lang='lat' dir='ltr'><strong>S.</strong></span> <span class='ocrx_word' id='word_1_576' title='bbox 819 2705 884 2730; x_wconf 63' lang='lat' dir='ltr'><strong>ohan</strong></span> <span class='ocrx_word' id='word_1_577' title='bbox 901 2704 929 2729; x_wconf 88' lang='lat' dir='ltr'><strong>S.</strong></span> <span class='ocrx_word' id='word_1_578' title='bbox 943 2704 994 2729; x_wconf 71' lang='lat'><strong>15¹1</strong></span> <span class='ocrx_word' id='word_1_579' title='bbox 1016 2704 1087 2729; x_wconf 79' lang='lat' dir='ltr'><em>A.-1.</em></span> <span class='ocrx_word' id='word_1_580' title='bbox 1109 2705 1133 2729; x_wconf 77' lang='lat'><strong>5.</strong></span> <span class='ocrx_word' id='word_1_581' title='bbox 1246 2705 1273 2735; x_wconf 73' lang='lat'><strong>9)</strong></span> <span class='ocrx_word' id='word_1_582' title='bbox 1296 2703 1358 2728; x_wconf 79' lang='lat' dir='ltr'><strong>MG.</strong></span> <span class='ocrx_word' id='word_1_583' title='bbox 1387 2703 1473 2735; x_wconf 68' lang='lat' dir='ltr'><strong>Epist.</strong></span> <span class='ocrx_word' id='word_1_584' title='bbox 1498 2702 1546 2731; x_wconf 77' lang='lat' dir='ltr'><strong>VI,</strong></span> <span class='ocrx_word' id='word_1_585' title='bbox 1566 2702 1618 2727; x_wconf 79' lang='lat'><strong>365</strong></span> <span class='ocrx_word' id='word_1_586' title='bbox 1643 2702 1672 2727; x_wconf 91' lang='lat' dir='ltr'><strong>Z.</strong></span> <span class='ocrx_word' id='word_1_587' title='bbox 1686 2702 1744 2733; x_wconf 67' lang='lat'><em>23).</em></span> 
     </span>
     <span class='ocr_line' id='line_1_53' title="bbox 108 2746 1744 2784; baseline -0.004 -8"><span class='ocrx_word' id='word_1_588' title='bbox 108 2751 198 2782; x_wconf 58' lang='lat' dir='ltr'><strong>(LE.</strong></span> <span class='ocrx_word' id='word_1_589' title='bbox 222 2751 319 2784; x_wconf 74' lang='lat'><em>2720).</em></span> <span class='ocrx_word' id='word_1_590' title='bbox 451 2753 494 2783; x_wconf 75' lang='lat'><strong>10)</strong></span> <span class='ocrx_word' id='word_1_591' title='bbox 516 2751 607 2777; x_wconf 68' lang='lat' dir='ltr'><em>(¹0ch-</em></span> <span class='ocrx_word' id='word_1_592' title='bbox 635 2759 767 2776; x_wconf 76' lang='lat' dir='ltr'><strong>canonum</strong></span> <span class='ocrx_word' id='word_1_593' title='bbox 801 2749 902 2782; x_wconf 77' lang='lat'><em>(1609)</em></span> <span class='ocrx_word' id='word_1_594' title='bbox 933 2749 960 2773; x_wconf 81' lang='lat' dir='ltr'><strong>S.</strong></span> <span class='ocrx_word' id='word_1_595' title='bbox 980 2748 1032 2773; x_wconf 63' lang='lat'><strong>349</strong></span> <span class='ocrx_word' id='word_1_596' title='bbox 1056 2758 1076 2772; x_wconf 72' lang='grc' dir='ltr'><strong>ι’.</strong></span> <span class='ocrx_word' id='word_1_597' title='bbox 1096 2748 1145 2775; x_wconf 73' lang='grc'><strong>22,’</strong></span> <span class='ocrx_word' id='word_1_598' title='bbox 1170 2747 1321 2773; x_wconf 38' lang='lat' dir='ltr'><strong>Hine-chius</strong></span> <span class='ocrx_word' id='word_1_599' title='bbox 1344 2747 1372 2771; x_wconf 84' lang='lat' dir='ltr'><strong>S.</strong></span> <span class='ocrx_word' id='word_1_600' title='bbox 1392 2747 1444 2772; x_wconf 73' lang='lat'><strong>532</strong></span> <span class='ocrx_word' id='word_1_601' title='bbox 1468 2755 1487 2770; x_wconf 73' lang='lat' dir='ltr'><strong>r.</strong></span> <span class='ocrx_word' id='word_1_602' title='bbox 1508 2746 1524 2771; x_wconf 71' lang='grc'><strong>’3</strong></span> <span class='ocrx_word' id='word_1_603' title='bbox 1550 2746 1644 2778; x_wconf 78' lang='grc' dir='ltr'><em>(.].-Κ.</em></span> <span class='ocrx_word' id='word_1_604' title='bbox 1667 2746 1744 2777; x_wconf 71' lang='grc'><em>293).</em></span> 
     </span>
     <span class='ocr_line' id='line_1_54' title="bbox 109 2790 1746 2826; baseline -0.003 -7"><span class='ocrx_word' id='word_1_605' title='bbox 109 2796 151 2826; x_wconf 90' lang='grc'><strong>11)</strong></span> <span class='ocrx_word' id='word_1_606' title='bbox 172 2796 202 2819; x_wconf 80' lang='lat' dir='ltr'><strong>C.</strong></span> <span class='ocrx_word' id='word_1_607' title='bbox 216 2796 241 2823; x_wconf 75' lang='lat' dir='ltr'><strong>S,</strong></span> <span class='ocrx_word' id='word_1_608' title='bbox 258 2795 413 2821; x_wconf 34' lang='lat' dir='ltr'><strong>Hz&#39;uscbfius</strong></span> <span class='ocrx_word' id='word_1_609' title='bbox 429 2796 458 2820; x_wconf 82' lang='lat' dir='ltr'><strong>S.</strong></span> <span class='ocrx_word' id='word_1_610' title='bbox 473 2796 540 2825; x_wconf 53' lang='lat'><strong>25&amp;</strong></span> <span class='ocrx_word' id='word_1_611' title='bbox 556 2795 646 2821; x_wconf 58' lang='lat' dir='ltr'><strong>Codex</strong></span> <span class='ocrx_word' id='word_1_612' title='bbox 661 2803 795 2819; x_wconf 62' lang='lat' dir='ltr'><strong>canonum</strong></span> <span class='ocrx_word' id='word_1_613' title='bbox 811 2793 913 2825; x_wconf 73' lang='lat'><em>(1699)</em></span> <span class='ocrx_word' id='word_1_614' title='bbox 933 2792 961 2817; x_wconf 87' lang='lat' dir='ltr'><strong>S.</strong></span> <span class='ocrx_word' id='word_1_615' title='bbox 976 2792 1016 2824; x_wconf 65' lang='grc'><strong>4).</strong></span> <span class='ocrx_word' id='word_1_616' title='bbox 1122 2792 1164 2823; x_wconf 81' lang='lat'><strong>12)</strong></span> <span class='ocrx_word' id='word_1_617' title='bbox 1186 2791 1307 2817; x_wconf 70' lang='lat' dir='ltr'><strong>Cassiod.</strong></span> <span class='ocrx_word' id='word_1_618' title='bbox 1327 2791 1397 2816; x_wconf 67' lang='lat' dir='ltr'><strong>IIist.</strong></span> <span class='ocrx_word' id='word_1_619' title='bbox 1415 2791 1519 2823; x_wconf 65' lang='lat' dir='ltr'><strong>tripart.</strong></span> <span class='ocrx_word' id='word_1_620' title='bbox 1534 2790 1576 2817; x_wconf 78' lang='lat' dir='ltr'><strong>II,</strong></span> <span class='ocrx_word' id='word_1_621' title='bbox 1591 2790 1633 2815; x_wconf 77' lang='lat'><strong>12.</strong></span> <span class='ocrx_word' id='word_1_622' title='bbox 1652 2790 1746 2821; x_wconf 64' lang='lat' dir='ltr'><strong>Miqna</strong></span> 
     </span>
    </p>
   </div>
   <div class='ocr_carea' id='block_1_12' title="bbox 105 2834 1612 2871">
    <p class='ocr_par' dir='ltr' id='par_1_14' title="bbox 105 2834 1612 2871">
     <span class='ocr_line' id='line_1_55' title="bbox 105 2834 1612 2871; baseline -0.004 -8"><span class='ocrx_word' id='word_1_623' title='bbox 105 2839 148 2865; x_wconf 75' lang='lat'><strong>69.</strong></span> <span class='ocrx_word' id='word_1_624' title='bbox 167 2840 228 2864; x_wconf 70' lang='lat'><strong>932.</strong></span> <span class='ocrx_word' id='word_1_625' title='bbox 245 2839 300 2871; x_wconf 75' lang='lat' dir='ltr'><strong>Vql.</strong></span> <span class='ocrx_word' id='word_1_626' title='bbox 320 2840 386 2864; x_wconf 68' lang='lat' dir='ltr'><strong>amb</strong></span> <span class='ocrx_word' id='word_1_627' title='bbox 407 2843 490 2864; x_wconf 67' lang='lat' dir='ltr'><strong>rumen</strong></span> <span class='ocrx_word' id='word_1_628' title='bbox 510 2839 539 2864; x_wconf 85' lang='lat' dir='ltr'><strong>S.</strong></span> <span class='ocrx_word' id='word_1_629' title='bbox 554 2839 606 2864; x_wconf 60' lang='lat'><strong>1⁸4</strong></span> <span class='ocrx_word' id='word_1_630' title='bbox 625 2839 654 2864; x_wconf 92' lang='lat' dir='ltr'><strong>Z.</strong></span> <span class='ocrx_word' id='word_1_631' title='bbox 669 2839 721 2871; x_wconf 58' lang='grc' dir='ltr'><strong>ὅθ’,</strong></span> <span class='ocrx_word' id='word_1_632' title='bbox 837 2838 879 2867; x_wconf 85' lang='grc'><em>13)</em></span> <span class='ocrx_word' id='word_1_633' title='bbox 900 2836 1021 2861; x_wconf 72' lang='lat' dir='ltr'><strong>Cassiod.</strong></span> <span class='ocrx_word' id='word_1_634' title='bbox 1041 2836 1112 2860; x_wconf 76' lang='lat' dir='ltr'><strong>Hist.</strong></span> <span class='ocrx_word' id='word_1_635' title='bbox 1132 2837 1235 2868; x_wconf 66' lang='lat' dir='ltr'><strong>tripart.</strong></span> <span class='ocrx_word' id='word_1_636' title='bbox 1257 2836 1280 2863; x_wconf 81' lang='grc'><em>1,</em></span> <span class='ocrx_word' id='word_1_637' title='bbox 1300 2836 1342 2862; x_wconf 70' lang='grc'><strong>18,</strong></span> <span class='ocrx_word' id='word_1_638' title='bbox 1363 2835 1456 2867; x_wconf 72' lang='lat' dir='ltr'><strong>Miyne</strong></span> <span class='ocrx_word' id='word_1_639' title='bbox 1475 2834 1517 2861; x_wconf 77' lang='lat'><strong>69,</strong></span> <span class='ocrx_word' id='word_1_640' title='bbox 1536 2834 1612 2865; x_wconf 62' lang='lat'><strong>9167:</strong></span> 
     </span>
    </p>
   </div>
   <div class='ocr_carea' id='block_1_13' title="bbox 1785 337 1858 367">
    <p class='ocr_par' dir='ltr' id='par_1_15' title="bbox 1785 337 1858 367">
     <span class='ocr_line' id='line_1_56' title="bbox 1785 337 1858 367; baseline 0.014 -1"><span class='ocrx_word' id='word_1_641' title='bbox 1785 337 1858 367; x_wconf 73' lang='lat'>866.</span> 
     </span>
    </p>
   </div>
  </div>
 </body>
</html>
