2220 3192
332 314 405 344 864.

282 1999 331 2022 Vgl.
342 1999 425 2018 Matth.

292 2040 297 2047 .
315 2026 350 2049 16,
361 2026 399 2048 “273

296 2052 362 2072 Rom.
373 2052 394 2075 ⁴2,
405 2053 425 2071 6,

238 2080 305 2099 Rom.
317 2079 338 2103 2,
347 2079 382 2098 15.
392 2080 426 2098 11].

306 2335 351 2354 Iac.
363 2335 382 2358 1,
394 2335 428 2355 17.

435 222 494 249 156
1002 216 1189 243 HINKMAR
1209 216 1285 243 VON
1307 215 1426 242 REIMS
1450 217 1508 241 169.

431 311 593 343 inutiliter
607 311 825 350 occupantem
839 311 873 338 et
886 307 987 337 etiam
1003 309 1078 347 post
1093 305 1351 347 pluratcmpora
1368 305 1540 346 pluresque
1554 302 1795 334 admonitiones
1810 302 1904 342 quasi
1918 301 2074 343 cophinos

433 363 638 406 pinguedinis
659 361 719 392 sibi
740 360 909 402 appositos
932 370 998 390 non
1018 359 1241 401 recipientem,
1264 359 1318 389 sed
1340 357 1483 389 sterilem
1506 358 1767 398 permanentem,
1790 365 1857 385 non
1877 355 1946 386 sine
1967 354 2074 387 dolore

431 417 534 449 cordis
556 414 790 446 succidendum
814 413 1027 454 providimus.

502 470 546 500 Et
563 479 639 499 cuni
658 468 734 498 hacc
753 467 800 497 ita
818 477 850 497 se
869 465 1021 502 habeant,
1040 465 1161 506 absque
1179 464 1384 495 dubitatione
1403 462 1542 499 confido,
1561 462 1638 502 quia
1656 460 1749 497 illud,
1769 460 1856 500 quod
1875 461 1909 491 in
1928 461 2074 501 praefato

434 521 671 562 Cartaginensis
692 519 820 551 concilii
840 519 985 560 capitulo
1007 519 1075 549 sine
1097 517 1162 549 ulla
1183 517 1435 558 interpolatione
1457 515 1676 555 subsequitur7
1698 514 1866 544 decretum
1886 514 1987 545 vestri
2009 524 2074 544 mo·
2098 525 2110 544 5

432 574 606 606 der-aminis
626 583 834 614 nequaquam
854 572 1059 614 praeterieta:
1082 574 1164 606 Sane,
1179 570 1316 611 inquitl,
1332 574 1356 599 si
1373 582 1410 599 ex
1429 580 1566 599 consensu
1586 571 1713 604 partium
1730 570 1814 596 electi
1833 570 1941 596 fuerint
1958 570 2074 601 iudices,

430 632 519 658 etiam
537 640 554 657 a
571 631 705 664 pauciore
724 637 842 655 numero
860 637 947 663 quam
964 629 1154 655 constitutum
1170 630 1224 658 est,
1242 636 1299 653 non
1315 627 1402 653 liceat
1419 624 1594 660 provocarib.
1621 621 1684 657 Qui
1703 631 1858 650 numerus
1875 621 2076 651 constitutus

434 683 467 713 in
484 680 675 712 duodecimo
693 680 850 720 superiori
867 678 1034 720 capitulo2
1051 679 1295 709 demonstratus
1313 681 1346 707 et
1362 686 1538 707 consensus
1556 674 1704 715 partium
1721 673 1890 714 expetitus
1907 673 1942 704 in
1959 673 2076 704 diiudi-

432 735 559 766 cationc
579 733 723 764 Rothadi
744 736 874 764 constat
895 732 993 763 fuisse
1014 731 1209 772 completus.
1239 731 1387 767 Quorum
1408 729 1469 760 etsi
1490 728 1649 759 iudicium
1672 737 1729 767 pro
1750 737 1959 768 quacumque
1979 737 2076 757 causa

434 789 515 819 forte
540 785 780 818 rationabiliore
804 790 837 816 et
860 785 965 816 adhuc
990 784 1082 815 nobis
1106 784 1272 824 incognita
1295 787 1421 813 vestrae
1446 791 1593 812 summae
1617 779 1820 816 auctoritati,
1845 790 1947 820 quam
1972 779 2077 811 multa
2101 789 2127 809 ιο

436 840 527 871 nobis
549 839 677 871 occulta
701 850 766 870 non
789 842 974 875 transeunt,
998 837 1157 879 placuerit
1179 836 1342 877 refragari,
1365 835 1442 876 quia
1466 845 1577 865 meum
1599 837 1649 864 est
1672 844 1743 864 mea
1764 833 1857 864 vobis
1879 832 2077 864 oboediendo

433 893 639 925 committere
657 896 690 923 et
709 903 774 923 non
793 892 911 923 iudicia
930 895 1037 922 vestra
1055 891 1224 927 discutere,
1245 889 1411 920 sustinebo
1430 891 1462 918 et
1479 891 1593 919 contra
1610 890 1755 917 vestram
1774 885 1970 927 regularem⁰
1987 886 2077 917 resti-

434 947 625 983 tutionem0,
645 946 671 976 si
691 946 772 976 forte
790 946 825 976 in
843 956 879 976 eo
897 944 1021 985 agenda
1038 944 1107 974 visa
1127 943 1225 974 fuerit
1239 961 1282 965 ——-
1299 943 1334 973 in
1352 953 1417 983 qua
1435 945 1543 971 vestra
1561 940 1713 981 disponet
1729 940 1920 977 auctoritas,
1939 939 2079 981 qualiter

434 1001 537 1031 isdem
553 1000 668 1035 victor,
688 1003 725 1029 ut
742 998 833 1035 solet,
851 1002 883 1029 et
898 998 968 1029 voti
984 1008 1118 1038 compos
1134 1007 1217 1038 quae
1235 1000 1314 1026 sunt
1330 995 1472 1036 episcopi
1489 995 1527 1025 de
1544 993 1667 1034 reliquo
1686 993 1785 1024 faciat
1796 1012 1850 1030 ——,
1869 1004 1935 1023 non
1951 992 2078 1024 recalci-

434 1053 542 1084 trabo:
561 1053 683 1083 ducens
702 1063 758 1093 pro
779 1062 906 1092 magno,
926 1051 952 1082 si
969 1062 988 1081 a
1006 1050 1144 1081 diutinis
1162 1054 1195 1080 et
1214 1049 1328 1080 multis
1347 1047 1513 1084 molestiis,
1532 1057 1614 1088 quas
1631 1045 1672 1077 ab
1690 1045 1744 1078 illo
1763 1050 1796 1077 et
1815 1057 1872 1087 pro
1891 1046 1946 1077 illo
1965 1056 2079 1088 passus
2103 1054 2128 1074 15

436 1117 521 1143 sum,
538 1106 605 1136 iam
621 1106 756 1136 tandem
771 1104 947 1145 aliquando
963 1103 1091 1134 valeam
1108 1103 1262 1143 respirare
1279 1106 1312 1133 et
1328 1112 1513 1142 numquam
1530 1100 1610 1131 mihi
1625 1099 1797 1140 contingat
1814 1099 1950 1131 ulterius
1966 1103 2079 1130 contra

436 1160 522 1191 illius
537 1159 781 1199 inquietudines
796 1157 957 1188 inutiliter
972 1157 1126 1193 laborare,
1138 1160 1171 1187 et
1185 1156 1290 1196 quod‘¹
1302 1166 1367 1185 non
1382 1154 1489 1186 solum
1503 1153 1543 1184 ab
1558 1153 1782 1184 ecclesiasticis
1797 1153 1953 1194 personis,
1964 1163 2080 1184 verum

435 1217 469 1244 et
485 1212 590 1244 multo
606 1212 707 1251 magis
722 1211 822 1242 etiam
837 1222 855 1241 a
870 1209 1088 1241 saecularibus
1106 1214 1215 1240 nostra
1230 1209 1349 1240 iudicia
1363 1210 1648 1248 contempnuntur
1663 1211 1696 1237 et
1712 1217 1768 1247 pro
1786 1206 1885 1237 nihilo
1900 1207 2078 1243 ducuntur,

438 1265 620 1297 dicentibus
641 1265 686 1295 eis
707 1269 740 1295 et
760 1265 800 1295 ad
823 1264 967 1295 medium
988 1262 1221 1294 devocantibus
1243 1261 1308 1297 illa,
1330 1272 1413 1302 quae
1436 1261 1515 1291 mihi
1535 1263 1680 1291 vestraee
1700 1260 1893 1290 auctoritati
1915 1270 1981 1290 non
2002 1263 2080 1290 sunt

437 1318 636 1354 ascribenda,
660 1322 697 1348 ut
719 1328 784 1348 non
805 1317 955 1348 animum
975 1319 1116 1347 Vestrae!
1136 1315 1329 1346 dulcedinisr
1358 1315 1391 1345 in
1412 1313 1521 1354 aliquo
1544 1324 1704 1349 moveam,
1725 1313 1813 1353 quod
1835 1323 1965 1343 summo
1986 1323 2080 1354 opere
2104 1323 2131 1343 20

437 1383 548 1403 cavere
570 1371 723 1402 desidero,
748 1370 780 1401 Si
802 1371 859 1411 qui
879 1371 914 1401 in
936 1369 1102 1410 provincia
1124 1373 1245 1405 nostra,
1267 1378 1409 1409 quorum
1430 1366 1560 1407 querela
1582 1366 1636 1398 illo
1658 1366 1812 1396 restituto
1833 1367 1875 1397 ad
1895 1377 1952 1396 vos
1973 1365 2081 1397 valeat

439 1425 616 1467 pervenire,
634 1425 672 1454 dc
692 1423 868 1454 maioribus
884 1423 989 1454 causis
1005 1423 1043 1453 de
1060 1426 1165 1453 cetero
1183 1422 1345 1462 quaedam
1361 1420 1596 1457 commiserint,
1615 1420 1700 1450 sicut
1716 1420 1754 1450 de
1773 1419 1970 1459 quibusdam
1986 1418 2081 1450 rebus

439 1478 640 1519 frequentius
668 1483 790 1517 quam&
820 1477 875 1507 inss
905 1476 994 1507 istisg
1017 1475 1185 1506 retroactis
1208 1474 1412 1515 temporibus
1434 1474 1703 1510 committuntur,
1728 1484 1767 1503 ne
1790 1484 1809 1503 a
1831 1472 1898 1503 Deo
1921 1473 2082 1514 dampner

439 1531 578 1567 silentio,
596 1541 649 1561 eos
665 1540 870 1560 commonere
888 1528 1024 1560 studebo
1041 1532 1085 1565 et,
1103 1529 1129 1559 si
1145 1528 1299 1568 corrigere
1317 1539 1348 1557 se
1365 1527 1539 1563 voluerint,
1557 1525 1782 1567 congaudebo3
1799 1526 1851 1556 sin
1866 1530 1990 1563 autem,
2008 1523 2082 1557 eosh

439 1586 498 1616 adh
514 1586 679 1614 vestrumh
696 1583 854 1614 iudicium
872 1581 1062 1623 provocabO.
1089 1582 1151 1618 Qui
1169 1581 1195 1611 si
1212 1581 1255 1612 ire
1272 1580 1447 1617 voluerint,
1464 1584 1573 1611 vestra
1590 1583 1704 1610 sancta
1721 1579 1894 1620 sapientia,
1912 1579 1991 1620 quid
2007 1579 2081 1610 inde
2105 1588 2131 1608 25

441 1637 556 1668 melius
570 1637 699 1673 viderit,
715 1637 882 1667 decernere
899 1634 1097 1676 procurabit.
1116 1634 1148 1665 Si
1164 1638 1277 1665 autem
1293 1634 1336 1664 ire
1355 1633 1529 1670 noluerint,
1548 1633 1668 1664 sacient
1683 1633 1771 1674 quod
1788 1632 1848 1663 sibi
1866 1632 1944 1663 utile
1961 1632 2080 1663 iudica-

438 1691 557 1721 verint.
574 1689 623 1720 Me
640 1689 769 1720 utinam
783 1689 857 1719 hinc
871 1700 890 1719 a
904 1689 1015 1719 divina
1029 1687 1263 1729 dampnatione
1279 1687 1441 1718 sententia
1456 1687 1561 1717 sancti
1573 1686 1737 1716 Ambrosii
1750 1685 1874 1723 liberet,
1889 1696 1954 1726 qua
1968 1685 2081 1716 djcit31

442 1747 481 1778 Si,
493 1743 653 1783 inquiens,
668 1747 731 1779 quis
744 1748 917 1779 potestatem
936 1753 992 1770 non
1011 1744 1099 1770 habet
1111 1743 1207 1778 (1116111ι
1219 1744 1274 1769 scit
1291 1752 1371 1769 reum
1390 1743 1500 1769 abicere
1520 1745 1571 1769 aut
1583 1743 1701 1776 probare
1714 1751 1771 1768 non
1784 1743 1871 1773 valet,
1883 1743 2018 1768 immunis
2029 1744 2081 1767 est.

514 1796 639 1836 Sic-que,
665 1800 701 1826 ut
724 1800 816 1836 puto,
839 1796 916 1835 quia
938 1795 973 1825 111
997 1794 1110 1825 multis
1131 1798 1311 1834 occupatus
1333 1797 1366 1824 et
1387 1793 1512 1823 itineris
1535 1793 1738 1834 longitudine
1760 1797 1859 1833 atque
1882 1792 2083 1823 insoliditate

442 1849 617 1880 obstrictus
637 1849 675 1879 de
696 1848 860 1885 omnibus,
881 1851 1061 1888 antequam
1081 1846 1294 1878 insolentium
1314 1845 1444 1887 querela
1465 1847 1505 1876 ad
1525 1857 1582 1876 vos
1604 1846 1785 1886 perveniat,
1807 1846 1849 1876 ad
1868 1845 2089 1887 apostolicam*
2106 1854 2132 1873 3⁰

442 1903 550 1933 sedem
570 1902 683 1932 referre
705 1913 770 1932 non
789 1901 879 1932 valeo
900 1900 1093 1932 infirmitate
1113 1904 1266 1940 gravatus
1286 1904 1318 1930 et
1338 1899 1458 1940 gratias
1476 1899 1543 1929 Deo
1564 1900 1704 1930 termino
1726 1900 1792 1930 iam
1811 1899 1948 1936 Vicinus,
1971 1902 2083 1940 potero

442 1966 639 1997 praecavere,
658 1966 696 1985 ne
713 1966 731 1985 a
747 1965 954 1995 quocumque
971 1953 1156 1984 sanctitatis
1171 1957 1297 1984 vestrae
1319 1953 1450 1983 animus
1467 1963 1539 1993 erga
1558 1963 1607 1982 me
1626 1957 1806 1988 moveatur,
1826 1956 1863 1982 ut
1878 1952 1988 1993 aliqua
2006 1951 2083 1982 mihi

441 2009 737 2039 excommunicatio
754 2006 968 2039 intentetur4.
985 2006 1029 2037 Et
1046 2007 1121 2039 licet
1139 2007 1283 2037 noverim
1301 2006 1481 2036 secundum
1497 2005 1637 2046 apostoli
1654 2005 1862 2046 evangelium
1879 2006 2085 2036 redditurum

441 2062 621 2092 Dominum
644 2061 833 2101 ‘unicuique
858 2061 1039 2091 secundum
1062 2071 1159 2101 opera
1183 2059 1276 2097 eius’,
1300 2059 1542 2089 ‘testimonium
1566 2059 1718 2089 reddente
1744 2059 1806 2091 illis
1829 2058 2028 2090 conscientia
2051 2061 2085 2088 et

442 2116 526 2145 inter
550 2126 580 2145 se
605 2115 745 2145 invicem
767 2114 1007 2154 cogitationum
1029 2113 1257 2144 accusantium
1280 2116 1340 2142 aut
1362 2113 1463 2143 etiam
1487 2112 1744 2148 defendentium,
1769 2112 1803 2142 in
1826 2112 1888 2149 die,
1912 2123 1978 2153 qua
2001 2111 2083 2142 iudi-
2107 2123 2133 2143 35

440 2168 528 2199 cabit
547 2167 674 2199 occulta
693 2167 888 2203 hominum',
916 2171 959 2203 et,
982 2170 1019 2197 ut
1039 2167 1102 2197 Leo
1123 2166 1236 2196 dicit5:
1261 2168 1290 2194 Si
1312 2169 1380 2202 quid
1400 2177 1450 2202 per
1468 2169 1638 2194 servitutem
1657 2172 1795 2199 nostram,
1814 2164 1966 2196 videlicet
1984 2175 2084 2196 sacer-

440 2220 594 2257 dotalem,
613 2224 686 2249 bono
703 2224 801 2249 ordine
817 2226 848 2249 et
864 2223 1056 2256 gratulando
1072 2223 1207 2256 impletur
1224 2223 1338 2253 affeetu,
1356 2230 1413 2247 non
1430 2221 1608 2255 ambigamus
1625 2231 1675 2255 per
1691 2223 1827 2255 spiritum
1844 2225 1976 2248 sanctum
1993 2217 2085 2249 nobis

440 2277 526 2303 fuisse.
544 2277 683 2303 donatum
700 2278 733 2304 et
749 2274 837 2314 quod
853 2284 944 2304 secus
962 2273 1061 2303 fuerit
1077 2277 1188 2303 ratum
1205 2283 1271 2302 esse
1290 2283 1356 2302 non
1374 2272 1509 2312 poterit:
1529 2272 1632 2302 modis
1649 2271 1813 2309 omnibus,
1831 2276 1999 2312 quantum
2016 2272 2085 2312 ipse

443 2328 622 2364 donaverit,
643 2338 662 2357 a
683 2337 748 2367 quo
769 2330 818 2357 est
841 2326 949 2357 ‘omne
970 2324 1109 2357 datumk
1130 2326 1318 2367 optimumk
1334 2323 1389 2356 etk
1410 2322 1529 2355 omnek
1543 2325 1668 2355 donum
1690 2324 1895 2365 peffectum’,
1919 2324 2084 2366 providere

443 2380 590 2416 studebo,
610 2391 646 2410 ne
663 2391 681 2410 a
697 2380 929 2410 communione
946 2379 1028 2410 sedis
1044 2374 1251 2420 apostolicae,
1269 2378 1356 2419 quod
1371 2378 1468 2415 absit,
1485 2377 1631 2418 quolibet
1648 2378 1743 2408 modo
1760 2382 1924 2408 extorrem
1942 2389 1992 2408 me
2011 2377 2084 2409 ulti·
2107 2388 2134 2408 40

444 2444 517 2464 mus
538 2433 615 2467 dies,
637 2433 693 2472 qui
718 2433 795 2463 mihi
818 2433 960 2463 incertus
981 2436 1030 2463 est
1051 2436 1084 2462 et
1106 2432 1213 2463 subito
1235 2432 1345 2462 venire
1368 2435 1487 2472 potest,
1510 2431 1667 2462 inveniat.

525 2550 548 2576 a)
568 2549 702 2578 preteriri—t
724 2550 744 2571 J.
759 2550 781 2571 2.
874 2546 898 2576 b)
918 2548 1051 2577 provocati
1066 2549 1088 2571 1.
1161 2550 1184 2576 c>
1204 2548 1395 2570 restitutionem
1415 2546 1556 2576 regularem
1577 2547 1599 2570 2.
1691 2545 1715 2575 ⁴¹)
1736 2554 1767 2569 ex
1790 2548 1811 2569 I.
1903 2548 1925 2575 e)
1946 2549 2033 2569 nostra
2057 2547 2084 2572 1,-

444 2594 529 2615 nostre
550 2594 572 2615 2.
659 2591 677 2621 s)
698 2592 840 2614 duh-odinis
860 2595 961 2614 vestrae
980 2593 1003 2615 2.
1024 2592 1047 2614 3.
1135 2594 1158 2620 G)
1178 2592 1212 2614 So
1234 2593 1255 2615 1.
1271 2593 1294 2616 2,
1309 2592 1338 2617 3,*
1358 2592 1384 2614 111
1406 2592 1463 2614 istis
1485 2597 1564 2621 quam
1580 2589 1625 2614 3¹³.
1712 2589 1736 2619 ll)
1760 2590 1793 2613 ad
1816 2594 1933 2613 vestrum
1955 2598 1998 2613 eos
2020 2591 2043 2615 2.
2060 2590 2084 2613 3.

444 2634 463 2665 ¹)
481 2644 557 2666 quum
575 2636 622 2659 SR.
640 2636 722 2663 XIII,
740 2637 786 2659 497
802 2636 830 2658 Ζ.
842 2637 873 2659 vll)
891 2636 992 2666 (qemiiss
1008 2634 1064 2664 3¹¹).
1151 2633 1176 2665 k)
1192 2635 1262 2658 Felilt
1279 2634 1320 2662 ΙΨ
1336 2635 1427 2659 datum
1445 2635 1534 2665 yetilqt.
1555 2636 1683 2665 optimum
1701 2638 1728 2657 et
1747 2642 1822 2658 mnne
1840 2634 1899 2664 fehlt
1918 2636 1956 2658 1²².

536 2725 561 2755 l)
580 2724 633 2755 Vql.
654 2723 719 2748 oben
738 2724 766 2748 S.
780 2723 831 2747 155
852 2724 886 2748 A.
900 2723 924 2747 4.
1037 2724 1064 2753 2)
1083 2723 1136 2755 Vqr.
1156 2723 1257 2748 Konzil
1277 2731 1327 2748 von
1348 2722 1487 2754 Karlhaqo
1506 2731 1526 2747 c.
1541 2722 1584 2752 12,
1605 2722 1696 2747 Codex
1708 2730 1844 2748 canonum
1860 2722 1961 2755 (1609)
1976 2721 2004 2747 S.
2018 2721 2084 2750 190,·
2108 2728 2135 2749 45

445 2768 596 2792 Hinsrhius
615 2768 644 2791 S.
658 2768 710 2792 296
727 2776 746 2792 c.
761 2768 803 2792 10.
898 2768 925 2798 3)
947 2768 1092 2792 Comment.
1108 2768 1135 2792 in
1152 2767 1228 2800 epist.
1244 2767 1280 2792 ad
1294 2767 1414 2792 Corinth.
1431 2775 1451 2792 c.
1465 2767 1491 2796 5,
1507 2766 1603 2798 Miyne
1618 2767 1660 2796 17,
1675 2767 1736 2791 2219.
1831 2768 1859 2798 4)
1871 2767 1926 2799 Vyl.
1942 2766 1993 2791 dem
2009 2764 2086 2797 Bries

445 2812 589 2837 Nileulaus'
605 2812 628 2836 I.
646 2812 695 2836 Nr.
709 2812 753 2841 5:2¹,
769 2812 832 2836 MG.
849 2811 936 2844 Epist.
951 2811 998 2841 VI,
1014 2811 1073 2836 364.
1172 2813 1199 2843 5)
1221 2811 1265 2836 Ad
1289 2811 1417 2837 Theodor.
1439 2811 1570 2840 Foroiul„
1594 2810 1746 2836 Hinschius
1766 2811 1795 2836 S.
1809 2811 1861 2836 625
1886 2811 1980 2843 (J.-K.
2004 2809 2083 2842 485).
2110 2835 2117 2839 ,
