2220 3192
438 219 499 249 200
1001 217 1188 243 HINKMAR
1209 217 1285 244 VON
1306 217 1426 244 REIMS
1449 220 1507 244 188.

337 312 411 342 866.
527 310 564 340 V.
580 309 623 340 Et
638 308 694 349 qui
710 306 759 337 loc
767 310 842 337 utus
857 310 906 336 est
923 317 978 347 per
995 305 1181 347 prophetas,
1197 306 1324 340 dicente
1339 307 1399 338 Dei
1415 307 1534 348 spiritu
1551 318 1607 348 per
1622 306 1788 348 apostolos
1803 309 1837 336 et
1852 306 2081 347 evangelistas:

302 371 360 395 Eun.
371 373 391 395 4,
403 372 422 391 ὁ.
437 363 543 394 ‘Unus
560 365 608 392 est
624 361 722 396 Deus,
743 370 807 390 una
825 359 915 396 fides,
936 370 1040 390 unum
1057 363 1107 390 est
1123 363 1157 390 et
1172 359 1371 401 baptysma’‚
1390 360 1423 391 in
1440 371 1505 402 quo
1523 359 1730 390 sanctificatiol
1747 363 1864 396 spiritus
1882 371 1932 397 per
1947 364 2081 397 aspersio-

227 425 422 449 Vgl.1.Petr.1,18.
438 428 501 445 nem
520 419 555 444 fit
571 417 715 450 sanguinis
730 415 846 447 Christi,
869 423 934 453 quo
958 416 1098 450 redempti
1118 423 1232 444 sumus
1249 417 1284 442 de
1301 425 1377 443 vana
1394 418 1504 444 nostra
1522 417 1736 443 conversatione
1753 419 1890 450 paternae
1906 417 2082 447 traditionis;

280 464 392 487 1.10h.1,
404 465 422 483 7.

250 493 266 511 1,
280 491 328 510 1οῂ-
339 491 360 514 5,
372 491 391 510 c.
404 491 422 510 7.
437 469 563 505 ‘sanguis
580 467 667 497 enim
685 466 831 496 eiusdem
850 469 914 495 Iesu
932 469 1036 495 Christi
1054 469 1103 495 fflii
1122 470 1174 495 Dei
1191 470 1329 497 emundat
1353 479 1404 496 nos
1424 471 1461 496 ab
1478 471 1555 495 omni
1574 466 1714 504 peccato’.
1733 465 1795 502 ‘qui
1814 470 1894 495 venit
1911 478 1961 503 per
1977 478 2083 503 aquam

435 528 464 551 et
476 524 641 557 sanguinem
651 523 729 548 Iesus
737 522 874 553 Christus,
888 531 945 548 non
956 523 987 548 in
999 531 1074 556 aqua
1086 523 1187 554 solum,
1201 524 1249 549 sed
1262 524 1291 549 in
1303 532 1379 557 aqua
1391 526 1421 549 et
1433 524 1576 557 sanguine.
1593 523 1631 548 Et
1643 523 1760 556 spiritus
1773 525 1825 553 est,
1841 523 1888 556 qui
1901 522 2081 554 testificetur,
2107 532 2120 552 5

436 578 569 611 quoniam
586 576 714 602 Christus
730 578 774 601 est
791 576 909 606 veritas3
928 576 995 609 quia
1011 579 1068 601 tres
1084 579 1160 607 sunt,
1180 577 1227 610 qui
1244 577 1441 603 testimonium
1457 577 1538 606 dant,
1555 577 1681 609 spiritus,
1699 584 1776 609 aqua
1791 578 1822 601 et
1837 576 1961 609 sanguis,
1978 578 2008 601 et
2024 578 2082 601 tres

436 639 523 656 unum
543 626 635 655 sunt':
656 629 773 662 spiritus
793 629 892 662 utique
911 629 1144 657 sanctificationis
1163 632 1193 655 et
1212 630 1326 663 sanguis
1345 630 1548 663 redemptionis
1567 632 1597 655 et
1615 637 1691 662 aqua
1711 629 1913 662 baptysmatis,
1935 638 2007 662 quae
2027 629 2082 655 tria

435 692 523 710 unum
539 686 607 708 sunt
622 685 653 708 et
667 682 817 709 individua
835 685 960 713 manent,
978 683 1104 716 nihilque
1119 691 1218 709 eorum
1234 693 1251 709 a
1267 683 1309 709 sui
1327 684 1481 709 conexione
1498 683 1662 716 seiungitur.
1680 678 1724 709 Et
1741 682 1793 708 hac
1811 682 1866 708 fide
1882 683 1958 708 vivit
1973 685 2003 708 et
2019 691 2082 716 pro-

435 737 495 762 ficit
513 736 652 762 catholica
670 736 787 762 ecclesia
807 732 967 763 mundata
986 732 1113 764 lavacro
1131 743 1235 773 aquae
1254 732 1289 763 in
1306 732 1415 769 verbo,
1434 732 1593 773 quoniam
1612 743 1678 762 non
1696 736 1746 762 est
1765 743 1871 762 unum
1889 735 1923 763 et
1941 731 2082 763 salutare

434 786 651 827 baptismum,
670 785 757 826 quod
777 785 811 816 in
829 786 943 817 eadem
961 785 1119 817 catholica
1137 785 1319 817 celebratur
1337 785 1481 822 ecclesia,
1499 784 1551 816 vel
1568 796 1654 826 aqua
1673 785 1741 815 sine
1759 784 1858 816 verbo
1876 784 1929 816 vel
1945 785 2083 816 verbum
2108 797 2135 817 ιο

434 840 502 869 sine
527 849 629 879 aqua;
657 838 712 869 sed
736 849 814 869 cum
838 839 969 869 accedit2
986 842 1106 869 verbum
1131 842 1169 869 ad
1193 843 1380 873 elementum,
1405 839 1547 870 efficitur
1571 844 1784 869 sacramentum
1811 838 1941 879 spiritu,
1966 838 2023 879 qui
2048 838 2083 869 in
2203 840 2220 879 ρ’

434 892 595 934 principio
614 891 777 923 ferebatur
795 902 892 933 super
909 903 1011 933 aquas
1029 892 1284 929 sanctificatum,
1303 892 1391 933 quod
1411 892 1497 923 unc³
1518 891 1663 923 militum
1681 890 1793 923 lancea
1811 891 1977 932 aperiente
1995 891 2082 923 latus
2218 883 2220 893 ⁵

435 946 553 977 Christi
575 945 610 976 in
630 956 725 976 cruce
746 945 904 976 continuo
926 945 1030 976 exivit
1050 946 1089 977 de
1111 949 1232 976 secreto
1254 946 1383 976 divinae
1406 945 1625 976 humanitatis
1646 948 1679 975 et
1700 944 1865 976 humanae
1886 944 2082 982 divinitatis,

433 998 555 1030 Scilicet
571 998 706 1036 sanguis⁴
721 1005 751 1028 et
767 1011 852 1036 aqua,
864 999 948 1030 unde
964 1003 1078 1029 lavacro
1094 1003 1202 1036 rigatur
1217 1005 1247 1028 et
1263 1003 1363 1036 poculo
1379 1002 1497 1029 ecclesia
1511 998 1727 1035 credentium,
1738 1009 1881 1038 quorum
1896 998 1992 1029 Corda
2009 997 2081 1034 fide,

292 1060 356 1079 Rom.
368 1060 388 1083 5,
400 1060 421 1079 5.
435 1063 519 1094 quae
534 1053 632 1083 datur
647 1063 703 1093 per
716 1052 882 1093 spiritum,
901 1052 1118 1093 purificantur
1135 1052 1255 1093 quique
1274 1063 1330 1093 spe
1348 1051 1430 1083 salvi
1448 1052 1545 1089 fiunt,
1562 1051 1734 1092 ‘quoniam
1751 1051 1870 1082 caritas
1886 1051 1947 1082 Dei
1963 1050 2083 1082 diffusa
2108 1061 2134 1081 15

283 1112 340 1136 Eph-
356 1114 374 1135 1,
386 1114 421 1133 15.
436 1110 486 1136 est
499 1106 534 1136 in
547 1105 698 1136 cordibus
713 1105 832 1136 nostris
847 1116 902 1146 per
916 1106 1071 1146 spiritum
1085 1109 1250 1141 sanctum,
1265 1105 1322 1146 qui
1336 1106 1434 1136 datus
1447 1109 1497 1136 est
1512 1104 1627 1141 nobis’,
1641 1105 1689 1135 ‘in
1703 1115 1768 1145 quo
1782 1105 1949 1135 credentes
1963 1104 2083 1145 signati

284 1166 422 1190 Eph-4.3⁰-
437 1170 552 1190 sumus
574 1159 693 1200 spiritu
716 1159 939 1200 promissionis
969 1159 1104 1190 sancto.³
1137 1158 1182 1189 Et
1204 1159 1285 1189 item
1308 1159 1439 1189 eodema
1463 1159 1588 1189 dicente
1612 1157 1776 1199 apostolo:
1799 1157 1853 1189 ‘In
1875 1168 1941 1199 quo
1965 1157 2084 1198 signati

436 1223 551 1243 sumus
567 1212 601 1242 in
617 1212 668 1242 die
685 1212 942 1253 redemptionis'‚
959 1212 991 1243 id
1007 1216 1057 1243 est
1071 1212 1106 1243 in
1122 1212 1236 1243 eodem
1252 1218 1434 1242 sacramento
1444 1212 1457 1231 5
1474 1215 1664 1250 baptismati&
1680 1215 1709 1240 in
1727 1223 1783 1248 quo
1799 1214 1878 1241 nulla
1893 1217 1937 1240 est
1952 1214 2083 1240 discretio

291 1273 358 1292 Rom.
370 1273 391 1295 6,
403 1273 423 1292 3.
438 1272 613 1299 renatorum,
632 1269 744 1295 dicente
764 1269 906 1303 apostolo:
926 1265 1152 1306 ‘Quicumque
1172 1265 1332 1306 baptizati
1352 1276 1467 1296 sumus
1487 1265 1521 1296 in
1542 1265 1680 1301 Christo,
1701 1264 1736 1295 in
1757 1268 1861 1295 morte
1881 1264 1984 1305 ipsius
2003 1264 2082 1305 bap-

248 1326 297 1347 Gal.
309 1326 329 1349 3,
339 1326 375 1346 27-
386 1326 421 1345 28⁴
437 1319 531 1350 tizati
547 1317 689 1356 sumus';
705 1322 752 1350 et:
768 1318 777 1329 ‘
787 1321 963 1355 Quicumque
978 1323 1007 1348 in
1021 1322 1132 1348 Christo
1148 1322 1287 1356 baptizati
1302 1322 1379 1353 estis,
1396 1322 1539 1348 Christum
1554 1322 1696 1347 induistis.
1714 1322 1778 1348 Non
1794 1324 1838 1347 est
1853 1320 1977 1347 Iudaeus
1991 1329 2083 1354 neque
2106 1327 2134 1346 20

438 1375 552 1406 Grecus,
567 1384 625 1401 non
640 1378 684 1401 est
698 1383 797 1401 servus
811 1383 903 1408 neque
917 1375 996 1406 liber,
1012 1384 1070 1401 non
1084 1379 1127 1401 est
1143 1376 1284 1403 masculus
1299 1384 1390 1409 neque
1405 1376 1521 1406 femina,
1537 1384 1635 1401 omnes
1649 1375 1726 1400 enim
1740 1383 1830 1401 unum
1844 1375 1912 1400 estis
1927 1375 1957 1400 in
1971 1374 2082 1400 Christo

435 1426 520 1455 Iesu'.
549 1425 714 1462 Quoniam
732 1435 815 1465 quos
833 1429 892 1455 aut
911 1436 1007 1456 sexus
1026 1425 1060 1456 in
1078 1436 1209 1466 corpore
1228 1429 1287 1456 aut
1305 1429 1396 1456 aetas
1414 1425 1569 1456 discernit
1588 1425 1622 1455 in
1641 1429 1800 1466 tempore,
1821 1423 1861 1455 ab
1880 1423 2083 1455 inmaculato

435 1478 538 1510 divini
560 1478 660 1509 fontis
681 1482 774 1508 utero
795 1489 908 1509 omnes
928 1478 962 1509 in
984 1489 1085 1509 unam
1106 1479 1193 1519 parit
1212 1478 1316 1519 gratia
1339 1482 1443 1509 mater
1462 1478 1655 1515 infantiam;
1677 1482 1710 1508 et
1730 1481 1864 1508 renatus
1884 1488 1926 1508 ex
1944 1488 2030 1518 aqua
2050 1480 2084 1507 et

435 1532 557 1573 spiritu
577 1543 642 1562 non
662 1530 769 1562 solum
789 1530 956 1572 spiritalis,
977 1531 1031 1562 sed
1050 1532 1151 1562 etiam
1170 1531 1376 1563 invisibiliter
1396 1531 1434 1563 fit
1453 1532 1588 1573 spiritus
1607 1535 1641 1562 et
1661 1542 1717 1572 per
1735 1531 1923 1572 adoptionis
1942 1530 2083 1571 gratiam

436 1585 495 1616 Dei
515 1584 612 1621 filius,
631 1595 708 1616 cum
724 1584 896 1616 visibiliter
913 1584 1102 1616 videntibus
1120 1589 1279 1626 appareat
1296 1596 1369 1616 caro
1388 1589 1421 1615 et
1439 1585 1581 1616 hominis
1601 1584 1698 1616 filius.
1729 1584 1849 1615 Contra
1867 1595 1952 1625 quae
1970 1583 2081 1615 omnia
2105 1592 2132 1612 25

436 1639 541 1680 ipsius
558 1639 656 1669 um'us
671 1637 880 1679 eiusdemque
896 1638 1106 1679 baptismatis
1120 1639 1241 1669 veritas
1257 1638 1319 1669 isto
1336 1637 1605 1679 pestilentissimo
1621 1638 1773 1678 dogmate
1789 1641 1980 1674 evacuatur,
1995 1637 2083 1678 quod

439 1691 566 1724 nullam
581 1691 788 1722 credentibus
805 1702 897 1732 spem
914 1691 1029 1723 salutis
1046 1691 1201 1733 relinquit
1218 1702 1275 1723 nec
1298 1703 1317 1722 3
1340 1702 1405 1733 quo
1421 1692 1588 1722 credentes
1605 1691 1746 1722 salutem
1763 1702 1890 1732 sperare
1909 1690 2081 1732 possimus,

224 1741 429 1792 gffijffigtflffss‘ffij'j
440 1745 560 1776 faciens
585 1745 693 1775 Deum
719 1745 872 1786 iniquum
897 1748 997 1786 atque
1026 1745 1215 1776 mendacem
1241 1749 1274 1775 et
1300 1755 1514 1786 personarum
1539 1748 1756 1786 acceptorem,
1783 1744 1936 1775 dimittit.
1981 1744 2082 1781 Quae,

438 1799 492 1829 sed
513 1803 547 1829 et
566 1797 647 1829 aliae
668 1798 772 1839 ipsius
792 1797 1011 1839 blasphemiae
1033 1798 1271 1839 scripturarum
1290 1798 1488 1829 auctoritate
1509 1802 1542 1829 et
1561 1797 1797 1830 catholicorum
1818 1797 2004 1834 traditione,
2025 1796 2082 1837 qui

225 1874 328 1898 Vgl.10b
339 1875 421 1898 21'22·
440 1852 474 1883 in
495 1862 527 1882 se
549 1851 703 1892 loquente
722 1851 877 1888 Domino,
898 1862 917 1882 a
937 1851 1032 1882 cuius
1055 1851 1135 1882 facie
1156 1855 1206 1882 est
1226 1851 1388 1893 sapientia
1409 1856 1443 1882 et
1463 1851 1649 1882 intellectus
1671 1856 1703 1882 et
1723 1851 1781 1892 qui
1801 1851 1896 1881 docet
1915 1850 2082 1881 hominem
2106 1858 2134 1877 ³0

251 1901 425 1951 Vffiffhff‘gssst
439 1905 621 1941 scientiam,
634 1904 712 1936 haec
727 1915 828 1946 prava
846 1905 880 1935 in
897 1904 1019 1936 directa
1036 1909 1070 1935 et
1086 1915 1199 1946 aspera
1214 1904 1248 1935 in
1258 1904 1328 1935 vias
1343 1903 1459 1946 planas
1477 1905 1635 1941 fecerunt,
1654 1904 1746 1935 facile
1765 1915 1857 1946 posse
1874 1903 1995 1935 revinci
2011 1914 2082 1944 cog-

437 1958 580 1990 noscitis.
608 1958 682 1989 Non
707 1958 807 1999 igitur
830 1962 880 1988 est
904 1958 1123 1999 perfunctorie
1143 1958 1394 1994 transeundum,
1412 1958 1501 1998 quod
1521 1957 1721 1989 Caelestinus
1739 1957 1868 1998 scripsit
1886 1967 1944 1998 pro
1961 1956 2083 1987 talibus

435 2016 534 2052 atque
554 2012 593 2042 de
614 2010 750 2043 talibus:
772 2015 873 2041 Merito
883 2011 905 2046 ⁸,
926 2011 1088 2052 inquiens,
1110 2023 1195 2042 causa
1214 2023 1265 2041 nos
1285 2015 1408 2048 respicit,
1429 2015 1453 2040 si
1473 2013 1585 2040 silentio
1605 2015 1753 2041 faveamus
1773 2014 1867 2040 errori.
1901 2013 1975 2048 Ergo
1996 2013 2079 2039 corri-

224 1848 273 1872 Vgl.
284 1848 355 1868 Exod.
363 1848 399 1871 36,
406 1849 424 1866 1.

436 2069 552 2102 piantur
569 2068 740 2099 huiusmodi,
759 2077 815 2094 non
833 2069 871 2094 sit
888 2069 931 2094 his
947 2068 1068 2094 liberum
1085 2068 1188 2094 habere
1206 2077 1256 2102 pro
1274 2068 1423 2094 voluntate
1441 2076 1607 2093 sermonem.
1638 2068 1765 2097 Desinat,
1784 2068 1807 2092 si
1825 2068 1867 2093 ita
1884 2075 1927 2092 res
1944 2069 2020 2097 sunt,
2038 2067 2079 2092 in·
2190 2061 2194 2103 ¹

437 2130 541 2147 cessere
562 2122 675 2148 novitas
696 2124 885 2152 vetustatem;
914 2122 1026 2148 desinat
1053 2121 1233 2148 ecclesiarum
1255 2122 1379 2155 quietem
1399 2121 1569 2154 inquietudo
1590 2121 1714 2147 turbare.
1745 2116 1913 2158 Alioquin,
1937 2120 1974 2146 ut
1996 2116 2081 2146 Leo⁷
2105 2123 2131 2142 3⁵
2190 2107 2193 2138 l

436 2171 526 2208 dicit,
546 2175 711 2201 inferiorum
729 2175 862 2201 ordinum
882 2175 981 2209 culpae
1000 2175 1037 2201 ad
1057 2175 1148 2201 nullos
1168 2175 1257 2209 magis
1277 2177 1344 2201 sunt
1362 2174 1524 2200 referendae
1551 2182 1636 2208 quam
1662 2174 1698 2200 ad
1717 2173 1828 2199 desides
1847 2173 2081 2207 neglegentesque

437 2231 567 2258 rectores,
593 2229 640 2261 qui
666 2227 787 2254 multam
810 2236 893 2261 saepe
917 2228 1050 2254 nutriunt
1073 2228 1275 2262 pestilentiam,
1300 2228 1370 2254 dum
1395 2224 1608 2255 necessariam
1633 2227 1813 2252 dissimulant
1837 2226 1971 2252 adhibere
1996 2225 2081 2252 medi-

438 2282 539 2307 cinam.
2188 2281 2191 2294 ¹

530 2329 635 2360 Multa
655 2329 746 2360 vobis
767 2330 902 2361 scribere
924 2335 1074 2371 poteram
1095 2331 1132 2362 de
1153 2331 1214 2367 his,
1236 2331 1291 2361 sed
1311 2335 1344 2361 et
1365 2331 1402 2361 de
1423 2329 1495 2360 aliis
1516 2329 1754 2360 exitiosissimis
1774 2328 1871 2359 dictis
1891 2328 1988 2359 huius
2010 2338 2081 2369 pro-

438 2383 597 2414 cacissimi
619 2383 771 2419 hominis,
793 2384 818 2414 si
841 2382 985 2414 licuisset
1005 2388 1038 2414 et
1058 2377 1155 2415 antea
1176 2384 1251 2414 hinc
1271 2383 1364 2415 vobis
1385 2383 1520 2414 scribere
1543 2383 1722 2414 meditatus
1743 2381 1888 2412 fuissem.
1922 2380 1984 2412 Sed
2004 2381 2081 2422 quia
2104 2387 2131 2407 40

438 2436 471 2466 in
488 2435 627 2466 articulo
644 2436 710 2466 iam
729 2436 939 2477 profectionis
958 2437 1047 2467 missi
1066 2437 1177 2473 nostri,
1195 2447 1295 2478 quem
1312 2437 1353 2468 ad
1369 2447 1427 2467 vos
1442 2436 1631 2477 dirigebam,
1651 2435 1846 2466 nuntiatum
1863 2437 1913 2465 est
1931 2434 2010 2465 mihi
2026 2434 2082 2465 ha-

522 2555 545 2580 ²¹*)
567 2547 721 2581 Uberqescler.
743 2552 772 2575 B.

533 2640 558 2670 l)
578 2639 631 2664 Leo
648 2639 671 2663 I.
696 2647 732 2663 an
754 2639 881 2669 Flavium,
905 2639 1057 2664 Hinschius
1079 2639 1108 2665 S.
1122 2640 1175 2665 599
1200 2640 1296 2672 (J.-K.
1311 2640 1395 2672 423);
1418 2639 1466 2672 vql.
1490 2639 1559 2664 auch
1578 2639 1726 2667 Hinskmsar,
1749 2639 1790 2664 De
1816 2639 1978 2672 praedestin.
2002 2647 2022 2664 c.
2036 2639 2080 2669 35,
2183 2635 2186 2668 l

439 2683 535 2715 Miyne
546 2683 607 2710 125,
618 2683 680 2711 376,
692 2683 740 2708 *urit
750 2683 801 2708 den
811 2683 928 2715 qleichen
939 2684 1072 2708 Lesarten.
1165 2685 1192 2716 2)
1210 2684 1265 2716 Vql.
1278 2684 1425 2716 Auqustivn.
1437 2684 1468 2709 in
1477 2683 1537 2708 ΙοΙι.
1549 2691 1640 2716 0111119.
1653 2686 1728 2709 tract.
1742 2684 1785 2710 80.
1798 2684 1823 2713 3,
1836 2683 1933 2716 Miyne
1944 2684 1988 2714 35,
2000 2683 2079 2709 1840.

439 2728 466 2758 3)
486 2727 531 2752 Im
547 2727 687 2759 solyenden
706 2728 739 2752 ist
756 2727 802 2752 cler
820 2728 849 2752 in
867 2727 901 2752 A.
916 2728 930 2752 1
949 2728 1110 2760 (ιη-(1090110710
1129 2728 1206 2760 Bries
1225 2731 1360 2753 verwertet.
1454 2729 1482 2759 4)
1503 2727 1531 2752 S.
1550 2727 1616 2752 oben
1633 2727 1667 2752 A.
1682 2728 1706 2752 1.
1821 2729 1848 2759 5)
1869 2727 1922 2753 Leo
1932 2728 1956 2753 Ι.
1971 2736 2008 2752 an
2023 2727 2078 2753 Tu·
2101 2731 2128 2750 45

440 2771 535 2801 tibias,
561 2771 714 2796 Hinschius
734 2772 763 2796 S.
777 2771 829 2796 594
850 2771 945 2803 (J.-K.
960 2772 1037 2803 412).
1149 2774 1177 2804 (ἰ)
1197 2772 1273 2798 Decr.
1296 2772 1435 2798 Coele-stin.
1460 2780 1480 2797 c.
1496 2772 1521 2801 1,
1548 2771 1639 2797 Codez·
1661 2780 1798 2797 canonum
1818 2772 1919 2805 (1609)
1944 2771 1973 2797 S.
1987 2771 2080 2804 4061„-

440 2815 593 2840 Hinschius
609 2816 637 2840 S.
652 2816 704 2840 557
723 2815 819 2847 (ιλ-Κ.
833 2816 912 2848 381).
1030 2818 1056 2847 7)
1077 2816 1129 2841 Leo
1142 2817 1166 2841 l.
1188 2825 1225 2842 (m
1244 2816 1294 2841 den
1316 2816 1347 2842 Β.
1367 2824 1416 2841 von
1434 2815 1571 2848 Aquileja,
1595 2815 1748 2841 Hinsckius
1770 2816 1798 2841 S.
1813 2817 1865 2842 575
1891 2816 1986 2849 (J.-K.
1999 2815 2078 2848 398).
2092 2853 2098 2857 .
