<?xml version="1.0" encoding="UTF-8"?>
<!DOCTYPE html PUBLIC "-//W3C//DTD XHTML 1.0 Transitional//EN"
    "http://www.w3.org/TR/xhtml1/DTD/xhtml1-transitional.dtd">
<html xmlns="http://www.w3.org/1999/xhtml" xml:lang="en" lang="en">
 <head>
  <title>
</title>
<meta http-equiv="Content-Type" content="text/html;charset=utf-8" />
  <meta name='ocr-system' content='tesseract 3.04.00' />
  <meta name='ocr-capabilities' content='ocr_page ocr_carea ocr_par ocr_line ocrx_word'/>
</head>
<body>
  <div class='ocr_page' id='page_1' title='image "./monumentagerman08geseuoft_0098.png"; bbox 0 0 2220 3192; ppageno 0'>
   <div class='ocr_carea' id='block_1_1' title="bbox 352 287 2096 337">
    <p class='ocr_par' dir='ltr' id='par_1_1' title="bbox 352 287 2096 337">
     <span class='ocr_line' id='line_1_1' title="bbox 352 287 2096 337; baseline -0.006 -7"><span class='ocrx_word' id='word_1_1' title='bbox 352 300 425 330; x_wconf 87' lang='grc'>860.</span> <span class='ocrx_word' id='word_1_2' title='bbox 449 296 595 337; x_wconf 84' lang='lat' dir='ltr'>quolibet</span> <span class='ocrx_word' id='word_1_3' title='bbox 610 294 823 326; x_wconf 83' lang='lat' dir='ltr'>conveniente</span> <span class='ocrx_word' id='word_1_4' title='bbox 844 293 938 324; x_wconf 82' lang='lat' dir='ltr'>modo</span> <span class='ocrx_word' id='word_1_5' title='bbox 955 292 1161 322; x_wconf 67' lang='lat' dir='ltr'>demonstroa</span> <span class='ocrx_word' id='word_1_6' title='bbox 1179 292 1222 326; x_wconf 90' lang='lat' dir='ltr'>et,</span> <span class='ocrx_word' id='word_1_7' title='bbox 1241 289 1268 319; x_wconf 88' lang='lat' dir='ltr'>si</span> <span class='ocrx_word' id='word_1_8' title='bbox 1283 288 1386 319; x_wconf 83' lang='lat' dir='ltr'>vultis</span> <span class='ocrx_word' id='word_1_9' title='bbox 1402 299 1438 320; x_wconf 91' lang='lat' dir='ltr'>ac</span> <span class='ocrx_word' id='word_1_10' title='bbox 1449 287 1464 307; x_wconf 75' lang='lat' dir='ltr'>b</span> <span class='ocrx_word' id='word_1_11' title='bbox 1479 287 1663 329; x_wconf 76' lang='lat' dir='ltr'>quaeritisb,</span> <span class='ocrx_word' id='word_1_12' title='bbox 1680 292 1964 330; x_wconf 88' lang='lat' dir='ltr'>quantoscumque</span> <span class='ocrx_word' id='word_1_13' title='bbox 1988 299 2096 320; x_wconf 89' lang='lat' dir='ltr'>servos</span> 
     </span>
    </p>
   </div>
   <div class='ocr_carea' id='block_1_2' title="bbox 454 199 1530 235">
    <p class='ocr_par' dir='ltr' id='par_1_2' title="bbox 454 199 1530 235">
     <span class='ocr_line' id='line_1_2' title="bbox 454 199 1530 235; baseline -0.008 -2"><span class='ocrx_word' id='word_1_14' title='bbox 454 206 494 235; x_wconf 78' lang='lat'>90</span> <span class='ocrx_word' id='word_1_15' title='bbox 1023 202 1208 228; x_wconf 84' lang='lat' dir='ltr'><strong>HINKMAR</strong></span> <span class='ocrx_word' id='word_1_16' title='bbox 1230 200 1307 227; x_wconf 88' lang='lat' dir='ltr'>VON</span> <span class='ocrx_word' id='word_1_17' title='bbox 1329 199 1449 225; x_wconf 77' lang='lat' dir='ltr'>REIMS</span> <span class='ocrx_word' id='word_1_18' title='bbox 1472 199 1530 225; x_wconf 80' lang='lat'><em>136.</em></span> 
     </span>
    </p>
   </div>
   <div class='ocr_carea' id='block_1_3' title="bbox 446 337 2207 2080">
    <p class='ocr_par' dir='ltr' id='par_1_3' title="bbox 448 337 2139 545">
     <span class='ocr_line' id='line_1_3' title="bbox 452 337 2097 382; baseline -0.005 -1"><span class='ocrx_word' id='word_1_19' title='bbox 452 360 539 381; x_wconf 86' lang='lat' dir='ltr'>meos</span> <span class='ocrx_word' id='word_1_20' title='bbox 555 347 753 381; x_wconf 70' lang='lat' dir='ltr'>decernitisc,</span> <span class='ocrx_word' id='word_1_21' title='bbox 769 345 843 376; x_wconf 85' lang='lat' dir='ltr'>inde</span> <span class='ocrx_word' id='word_1_22' title='bbox 862 345 895 375; x_wconf 87' lang='lat' dir='ltr'>in</span> <span class='ocrx_word' id='word_1_23' title='bbox 915 344 1074 375; x_wconf 88' lang='lat' dir='ltr'>iudicium</span> <span class='ocrx_word' id='word_1_24' title='bbox 1094 342 1191 374; x_wconf 88' lang='lat' dir='ltr'>mitto</span> <span class='ocrx_word' id='word_1_25' title='bbox 1209 337 1253 378; x_wconf 85' lang='lat' dir='ltr'>et,</span> <span class='ocrx_word' id='word_1_26' title='bbox 1268 339 1389 382; x_wconf 77' lang='lat' dir='ltr'>qualed</span> <span class='ocrx_word' id='word_1_27' title='bbox 1401 341 1576 373; x_wconf 88' lang='lat' dir='ltr'>consilium</span> <span class='ocrx_word' id='word_1_28' title='bbox 1596 342 1675 373; x_wconf 88' lang='lat' dir='ltr'>mihi</span> <span class='ocrx_word' id='word_1_29' title='bbox 1694 342 1768 373; x_wconf 89' lang='lat' dir='ltr'>inde</span> <span class='ocrx_word' id='word_1_30' title='bbox 1787 342 1970 373; x_wconf 90' lang='lat' dir='ltr'>secundum</span> <span class='ocrx_word' id='word_1_31' title='bbox 1987 342 2097 373; x_wconf 91' lang='lat' dir='ltr'>Deum</span> 
     </span>
     <span class='ocr_line' id='line_1_4' title="bbox 448 394 2097 436; baseline -0.005 -3"><span class='ocrx_word' id='word_1_32' title='bbox 448 403 488 433; x_wconf 80' lang='lat' dir='ltr'>ad</span> <span class='ocrx_word' id='word_1_33' title='bbox 510 412 615 433; x_wconf 81' lang='lat' dir='ltr'>meam</span> <span class='ocrx_word' id='word_1_34' title='bbox 633 399 774 430; x_wconf 86' lang='lat' dir='ltr'>salutem</span> <span class='ocrx_word' id='word_1_35' title='bbox 791 401 824 429; x_wconf 88' lang='lat' dir='ltr'>et</span> <span class='ocrx_word' id='word_1_36' title='bbox 842 397 1023 428; x_wconf 89' lang='lat' dir='ltr'>secundum</span> <span class='ocrx_word' id='word_1_37' title='bbox 1041 394 1210 426; x_wconf 87' lang='lat' dir='ltr'>saeculum</span> <span class='ocrx_word' id='word_1_38' title='bbox 1226 395 1268 425; x_wconf 85' lang='lat' dir='ltr'>ad</span> <span class='ocrx_word' id='word_1_39' title='bbox 1284 398 1530 435; x_wconf 75' lang='lat' dir='ltr'>competentem</span> <span class='ocrx_word' id='word_1_40' title='bbox 1546 395 1705 426; x_wconf 78' lang='lat' dir='ltr'>honorem</span> <span class='ocrx_word' id='word_1_41' title='bbox 1722 398 1757 426; x_wconf 89' lang='lat' dir='ltr'>et</span> <span class='ocrx_word' id='word_1_42' title='bbox 1773 395 1815 426; x_wconf 86' lang='lat' dir='ltr'>ad</span> <span class='ocrx_word' id='word_1_43' title='bbox 1833 394 2097 436; x_wconf 87' lang='lat' dir='ltr'>pacificationem</span> 
     </span>
     <span class='ocr_line' id='line_1_5' title="bbox 448 447 2096 494; baseline -0.004 -9"><span class='ocrx_word' id='word_1_44' title='bbox 448 452 662 494; x_wconf 69' lang='lat' dir='ltr'>Regimundie</span> <span class='ocrx_word' id='word_1_45' title='bbox 679 456 710 482; x_wconf 84' lang='lat' dir='ltr'>et</span> <span class='ocrx_word' id='word_1_46' title='bbox 724 451 766 482; x_wconf 89' lang='lat' dir='ltr'>ad</span> <span class='ocrx_word' id='word_1_47' title='bbox 781 450 1026 481; x_wconf 72' lang='lat' dir='ltr'>salvamentum</span> <span class='ocrx_word' id='word_1_48' title='bbox 1041 451 1073 479; x_wconf 87' lang='lat' dir='ltr'>et</span> <span class='ocrx_word' id='word_1_49' title='bbox 1088 448 1246 479; x_wconf 83' lang='lat' dir='ltr'>honorem</span> <span class='ocrx_word' id='word_1_50' title='bbox 1260 447 1364 488; x_wconf 91' lang='lat' dir='ltr'>ipsius</span> <span class='ocrx_word' id='word_1_51' title='bbox 1380 447 1507 488; x_wconf 87' lang='lat' dir='ltr'>puellae</span> <span class='ocrx_word' id='word_1_52' title='bbox 1521 447 1685 485; x_wconf 79' lang='lat' dir='ltr'>dederitis,</span> <span class='ocrx_word' id='word_1_53' title='bbox 1704 450 1840 489; x_wconf 88' lang='lat' dir='ltr'>paratus</span> <span class='ocrx_word' id='word_1_54' title='bbox 1855 458 1931 479; x_wconf 89' lang='lat' dir='ltr'>sum</span> <span class='ocrx_word' id='word_1_55' title='bbox 1946 447 1980 478; x_wconf 93' lang='lat' dir='ltr'>in</span> <span class='ocrx_word' id='word_1_56' title='bbox 1990 447 2096 480; x_wconf 92' lang='lat' dir='ltr'>omni-</span> 
     </span>
     <span class='ocr_line' id='line_1_6' title="bbox 448 501 2139 545; baseline -0.008 -8"><span class='ocrx_word' id='word_1_57' title='bbox 448 507 509 537; x_wconf 87' lang='lat' dir='ltr'>bus</span> <span class='ocrx_word' id='word_1_58' title='bbox 528 505 647 545; x_wconf 87' lang='lat' dir='ltr'>quibus</span> <span class='ocrx_word' id='word_1_59' title='bbox 666 503 797 534; x_wconf 87' lang='lat' dir='ltr'>valuero</span> <span class='ocrx_word' id='word_1_60' title='bbox 818 501 989 533; x_wconf 87' lang='lat' dir='ltr'>oboedire&#39;.</span> <span class='ocrx_word' id='word_1_61' title='bbox 2126 512 2139 532; x_wconf 80' lang='lat'><strong>5</strong></span> 
     </span>
    </p>

    <p class='ocr_par' dir='ltr' id='par_1_4' title="bbox 446 553 2154 1552">
     <span class='ocr_line' id='line_1_7' title="bbox 537 553 2095 594; baseline -0.003 -6"><span class='ocrx_word' id='word_1_62' title='bbox 537 557 700 589; x_wconf 88' lang='lat' dir='ltr'>Auditum</span> <span class='ocrx_word' id='word_1_63' title='bbox 720 559 835 587; x_wconf 89' lang='lat' dir='ltr'>autem</span> <span class='ocrx_word' id='word_1_64' title='bbox 856 566 934 587; x_wconf 88' lang='lat' dir='ltr'>eum</span> <span class='ocrx_word' id='word_1_65' title='bbox 955 553 1099 594; x_wconf 76' lang='lat' dir='ltr'>synodus</span> <span class='ocrx_word' id='word_1_66' title='bbox 1121 553 1217 584; x_wconf 89' lang='lat' dir='ltr'>iussit</span> <span class='ocrx_word' id='word_1_67' title='bbox 1238 553 1393 584; x_wconf 87' lang='lat' dir='ltr'>secedere.</span> <span class='ocrx_word' id='word_1_68' title='bbox 1414 553 1458 584; x_wconf 87' lang='lat' dir='ltr'>Et</span> <span class='ocrx_word' id='word_1_69' title='bbox 1478 553 1665 585; x_wconf 74' lang='lat' dir='ltr'>dicentibus</span> <span class='ocrx_word' id='word_1_70' title='bbox 1686 553 1834 594; x_wconf 86' lang='lat' dir='ltr'>singulis,</span> <span class='ocrx_word' id='word_1_71' title='bbox 1857 556 1955 594; x_wconf 85' lang='lat' dir='ltr'>prout</span> <span class='ocrx_word' id='word_1_72' title='bbox 1976 553 2095 594; x_wconf 88' lang='lat' dir='ltr'>cuique</span> 
     </span>
     <span class='ocr_line' id='line_1_8' title="bbox 447 605 2096 648; baseline -0.002 -7"><span class='ocrx_word' id='word_1_73' title='bbox 447 612 556 641; x_wconf 84' lang='lat' dir='ltr'>visum</span> <span class='ocrx_word' id='word_1_74' title='bbox 574 609 649 646; x_wconf 83' lang='lat' dir='ltr'>fuit,</span> <span class='ocrx_word' id='word_1_75' title='bbox 667 609 836 640; x_wconf 87' lang='lat' dir='ltr'>decretum</span> <span class='ocrx_word' id='word_1_76' title='bbox 852 611 927 645; x_wconf 81' lang='lat' dir='ltr'>est¹‚</span> <span class='ocrx_word' id='word_1_77' title='bbox 946 611 984 638; x_wconf 89' lang='lat' dir='ltr'>ut</span> <span class='ocrx_word' id='word_1_78' title='bbox 1000 617 1070 643; x_wconf 80' lang='lat' dir='ltr'>VOS,</span> <span class='ocrx_word' id='word_1_79' title='bbox 1094 605 1390 647; x_wconf 69' lang='lat' dir='ltr'>conprovintiales*3</span> <span class='ocrx_word' id='word_1_80' title='bbox 1406 606 1650 648; x_wconf 86' lang='lat' dir='ltr'>archiepiscopi,</span> <span class='ocrx_word' id='word_1_81' title='bbox 1667 617 1747 638; x_wconf 91' lang='lat' dir='ltr'>cum</span> <span class='ocrx_word' id='word_1_82' title='bbox 1762 605 1964 647; x_wconf 83' lang='lat' dir='ltr'>coepiscopis</span> <span class='ocrx_word' id='word_1_83' title='bbox 1978 607 2096 638; x_wconf 85' lang='lat' dir='ltr'>vestris</span> 
     </span>
     <span class='ocr_line' id='line_1_9' title="bbox 449 657 2096 703; baseline -0.002 -9"><span class='ocrx_word' id='word_1_84' title='bbox 449 665 482 695; x_wconf 89' lang='lat' dir='ltr'>in</span> <span class='ocrx_word' id='word_1_85' title='bbox 498 662 586 703; x_wconf 84' lang='lat' dir='ltr'>regni</span> <span class='ocrx_word' id='word_1_86' title='bbox 602 661 688 693; x_wconf 88' lang='lat' dir='ltr'>illius</span> <span class='ocrx_word' id='word_1_87' title='bbox 703 661 912 693; x_wconf 83' lang='lat' dir='ltr'>convenienti</span> <span class='ocrx_word' id='word_1_88' title='bbox 928 660 996 691; x_wconf 86' lang='lat' dir='ltr'>loco</span> <span class='ocrx_word' id='word_1_89' title='bbox 1013 663 1045 690; x_wconf 89' lang='lat' dir='ltr'>et</span> <span class='ocrx_word' id='word_1_90' title='bbox 1060 663 1209 700; x_wconf 87' lang='lat' dir='ltr'>tempore</span> <span class='ocrx_word' id='word_1_91' title='bbox 1225 659 1389 700; x_wconf 84' lang='lat' dir='ltr'>synodum</span> <span class='ocrx_word' id='word_1_92' title='bbox 1403 659 1584 691; x_wconf 88' lang='lat' dir='ltr'>condicatis</span> <span class='ocrx_word' id='word_1_93' title='bbox 1598 663 1631 691; x_wconf 89' lang='lat' dir='ltr'>et</span> <span class='ocrx_word' id='word_1_94' title='bbox 1647 657 1834 701; x_wconf 81' lang='lat' dir='ltr'>placitumh</span> <span class='ocrx_word' id='word_1_95' title='bbox 1848 658 1918 697; x_wconf 86' lang='lat' dir='ltr'>fiat,</span> <span class='ocrx_word' id='word_1_96' title='bbox 1935 658 1993 690; x_wconf 90' lang='lat' dir='ltr'>ubi</span> <span class='ocrx_word' id='word_1_97' title='bbox 2008 660 2096 701; x_wconf 88' lang='lat' dir='ltr'>prin-</span> 
     </span>
     <span class='ocr_line' id='line_1_10' title="bbox 447 712 2097 758; baseline -0.002 -10"><span class='ocrx_word' id='word_1_98' title='bbox 447 715 539 758; x_wconf 82' lang='lat' dir='ltr'>ceps1</span> <span class='ocrx_word' id='word_1_99' title='bbox 550 726 627 746; x_wconf 86' lang='lat' dir='ltr'>cum</span> <span class='ocrx_word' id='word_1_100' title='bbox 645 714 842 756; x_wconf 88' lang='lat' dir='ltr'>primoribus</span> <span class='ocrx_word' id='word_1_101' title='bbox 851 718 956 746; x_wconf 88' lang='lat' dir='ltr'>terrae</span> <span class='ocrx_word' id='word_1_102' title='bbox 967 713 1096 744; x_wconf 86' lang='lat' dir='ltr'>intersit</span> <span class='ocrx_word' id='word_1_103' title='bbox 1107 714 1222 749; x_wconf 77' lang='lat' dir='ltr'>—ne¹‚</span> <span class='ocrx_word' id='word_1_104' title='bbox 1233 713 1323 753; x_wconf 92' lang='lat' dir='ltr'>quod</span> <span class='ocrx_word' id='word_1_105' title='bbox 1332 712 1428 750; x_wconf 86' lang='lat' dir='ltr'>absit,</span> <span class='ocrx_word' id='word_1_106' title='bbox 1447 723 1488 743; x_wconf 80' lang='lat' dir='ltr'>ex</span> <span class='ocrx_word' id='word_1_107' title='bbox 1506 716 1645 754; x_wconf 90' lang='lat' dir='ltr'>utraque</span> <span class='ocrx_word' id='word_1_108' title='bbox 1662 716 1757 754; x_wconf 89' lang='lat' dir='ltr'>parte</span> <span class='ocrx_word' id='word_1_109' title='bbox 1772 723 1852 744; x_wconf 89' lang='lat' dir='ltr'>cum</span> <span class='ocrx_word' id='word_1_110' title='bbox 1869 716 2048 754; x_wconf 87' lang='lat' dir='ltr'>parentum</span> <span class='ocrx_word' id='word_1_111' title='bbox 2064 717 2097 744; x_wconf 85' lang='lat' dir='ltr'>et</span> 
     </span>
     <span class='ocr_line' id='line_1_11' title="bbox 448 765 2152 807; baseline -0.002 -7"><span class='ocrx_word' id='word_1_112' title='bbox 448 769 629 801; x_wconf 86' lang='lat' dir='ltr'>amicorum</span> <span class='ocrx_word' id='word_1_113' title='bbox 639 767 763 799; x_wconf 79' lang='lat' dir='ltr'>auxilio</span> <span class='ocrx_word' id='word_1_114' title='bbox 778 767 932 798; x_wconf 80' lang='lat' dir='ltr'>inlustres</span> <span class='ocrx_word' id='word_1_115' title='bbox 944 766 1016 798; x_wconf 73' lang='lat' dir='ltr'>istik</span> <span class='ocrx_word' id='word_1_116' title='bbox 1027 766 1109 796; x_wconf 74' lang='lat' dir='ltr'>virik</span> <span class='ocrx_word' id='word_1_117' title='bbox 1120 766 1353 797; x_wconf 86' lang='lat' dir='ltr'>convenientes</span> <span class='ocrx_word' id='word_1_118' title='bbox 1364 768 1521 807; x_wconf 87' lang='lat' dir='ltr'>operante</span> <span class='ocrx_word' id='word_1_119' title='bbox 1533 765 1661 797; x_wconf 90' lang='lat' dir='ltr'>diabolo</span> <span class='ocrx_word' id='word_1_120' title='bbox 1674 765 1847 797; x_wconf 88' lang='lat' dir='ltr'>seditiosus</span> <span class='ocrx_word' id='word_1_121' title='bbox 1857 765 1968 796; x_wconf 84' lang='lat' dir='ltr'>valeat</span> <span class='ocrx_word' id='word_1_122' title='bbox 1980 766 2098 797; x_wconf 79' lang='lat' dir='ltr'>exoriri</span> <span class='ocrx_word' id='word_1_123' title='bbox 2125 778 2152 798; x_wconf 84' lang='grc' dir='ltr'>ιο</span> 
     </span>
     <span class='ocr_line' id='line_1_12' title="bbox 448 818 2096 860; baseline -0.002 -7"><span class='ocrx_word' id='word_1_124' title='bbox 448 821 614 853; x_wconf 84' lang='lat' dir='ltr'>tumultus</span> <span class='ocrx_word' id='word_1_125' title='bbox 624 819 631 838; x_wconf 66' lang='lat' dir='ltr'>i</span> <span class='ocrx_word' id='word_1_126' title='bbox 642 839 685 843; x_wconf 77' lang='lat'>—-</span> <span class='ocrx_word' id='word_1_127' title='bbox 695 824 729 851; x_wconf 83' lang='lat' dir='ltr'>et</span> <span class='ocrx_word' id='word_1_128' title='bbox 742 821 825 852; x_wconf 83' lang='lat' dir='ltr'>hanc</span> <span class='ocrx_word' id='word_1_129' title='bbox 837 831 972 852; x_wconf 83' lang='lat' dir='ltr'>causam</span> <span class='ocrx_word' id='word_1_130' title='bbox 988 829 1045 850; x_wconf 81' lang='lat' dir='ltr'>rex</span> <span class='ocrx_word' id='word_1_131' title='bbox 1059 819 1225 850; x_wconf 85' lang='lat' dir='ltr'>cumviris</span> <span class='ocrx_word' id='word_1_132' title='bbox 1241 818 1405 850; x_wconf 88' lang='lat' dir='ltr'>nobilibus</span> <span class='ocrx_word' id='word_1_133' title='bbox 1420 819 1505 850; x_wconf 91' lang='lat' dir='ltr'>inter</span> <span class='ocrx_word' id='word_1_134' title='bbox 1514 818 1601 849; x_wconf 90' lang='lat' dir='ltr'>viros</span> <span class='ocrx_word' id='word_1_135' title='bbox 1617 818 1740 850; x_wconf 88' lang='lat' dir='ltr'>nobiles</span> <span class='ocrx_word' id='word_1_136' title='bbox 1751 818 1921 860; x_wconf 87' lang='lat' dir='ltr'>pacificare</span> <span class='ocrx_word' id='word_1_137' title='bbox 1933 822 2096 860; x_wconf 82' lang='lat' dir='ltr'>procuret,</span> 
     </span>
     <span class='ocr_line' id='line_1_13' title="bbox 449 871 2097 915; baseline -0.001 -10"><span class='ocrx_word' id='word_1_138' title='bbox 449 886 505 905; x_wconf 70' lang='lat' dir='ltr'>vos</span> <span class='ocrx_word' id='word_1_139' title='bbox 527 878 641 905; x_wconf 84' lang='lat' dir='ltr'>autem</span> <span class='ocrx_word' id='word_1_140' title='bbox 665 873 843 915; x_wconf 86' lang='lat' dir='ltr'>episcopali</span> <span class='ocrx_word' id='word_1_141' title='bbox 864 872 1064 904; x_wconf 88' lang='lat' dir='ltr'>auctoritate</span> <span class='ocrx_word' id='word_1_142' title='bbox 1093 875 1127 903; x_wconf 87' lang='lat' dir='ltr'>et</span> <span class='ocrx_word' id='word_1_143' title='bbox 1149 871 1306 903; x_wconf 89' lang='lat' dir='ltr'>canonica</span> <span class='ocrx_word' id='word_1_144' title='bbox 1330 871 1529 902; x_wconf 87' lang='lat' dir='ltr'>diffinitione</span> <span class='ocrx_word' id='word_1_145' title='bbox 1553 882 1627 903; x_wconf 92' lang='lat' dir='ltr'>eam</span> <span class='ocrx_word' id='word_1_146' title='bbox 1649 871 1801 903; x_wconf 87' lang='lat' dir='ltr'>dirimere</span> <span class='ocrx_word' id='word_1_147' title='bbox 1824 874 1858 903; x_wconf 93' lang='lat' dir='ltr'>et</span> <span class='ocrx_word' id='word_1_148' title='bbox 1880 872 1923 903; x_wconf 85' lang='lat' dir='ltr'>ad</span> <span class='ocrx_word' id='word_1_149' title='bbox 1945 871 2097 904; x_wconf 91' lang='lat' dir='ltr'>debitum</span> 
     </span>
     <span class='ocr_line' id='line_1_14' title="bbox 446 924 2095 968; baseline -0.001 -10"><span class='ocrx_word' id='word_1_150' title='bbox 446 930 562 968; x_wconf 84' lang='lat' dir='ltr'>atque¹</span> <span class='ocrx_word' id='word_1_151' title='bbox 581 926 746 958; x_wconf 81' lang='lat' dir='ltr'>salubrem</span> <span class='ocrx_word' id='word_1_152' title='bbox 765 927 948 958; x_wconf 87' lang='lat' dir='ltr'>terminum</span> <span class='ocrx_word' id='word_1_153' title='bbox 969 925 1130 957; x_wconf 72' lang='lat' dir='ltr'>studeatis</span> <span class='ocrx_word' id='word_1_154' title='bbox 1150 925 1336 966; x_wconf 86' lang='lat' dir='ltr'>perducere.</span> <span class='ocrx_word' id='word_1_155' title='bbox 1355 925 1522 956; x_wconf 86' lang='lat' dir='ltr'>Revocato</span> <span class='ocrx_word' id='word_1_156' title='bbox 1541 927 1657 956; x_wconf 85' lang='lat' dir='ltr'>autem</span> <span class='ocrx_word' id='word_1_157' title='bbox 1677 924 1844 966; x_wconf 86' lang='lat' dir='ltr'>Stephano</span> <span class='ocrx_word' id='word_1_158' title='bbox 1864 924 2012 956; x_wconf 87' lang='lat' dir='ltr'>condicio</span> <span class='ocrx_word' id='word_1_159' title='bbox 2033 925 2095 958; x_wconf 85' lang='lat' dir='ltr'>ista</span> 
     </span>
     <span class='ocr_line' id='line_1_15' title="bbox 448 977 2097 1022; baseline -0.001 -11"><span class='ocrx_word' id='word_1_160' title='bbox 448 981 495 1012; x_wconf 91' lang='lat' dir='ltr'>illi</span> <span class='ocrx_word' id='word_1_161' title='bbox 515 980 683 1022; x_wconf 87' lang='lat' dir='ltr'>proposita</span> <span class='ocrx_word' id='word_1_162' title='bbox 703 983 735 1011; x_wconf 90' lang='lat' dir='ltr'>et</span> <span class='ocrx_word' id='word_1_163' title='bbox 756 979 796 1010; x_wconf 90' lang='lat' dir='ltr'>ab</span> <span class='ocrx_word' id='word_1_164' title='bbox 817 990 853 1010; x_wconf 92' lang='lat' dir='ltr'>eo</span> <span class='ocrx_word' id='word_1_165' title='bbox 875 983 924 1010; x_wconf 86' lang='lat' dir='ltr'>est</span> <span class='ocrx_word' id='word_1_166' title='bbox 938 978 1122 1020; x_wconf 78' lang='lat' dir='ltr'>gratissime</span> <span class='ocrx_word' id='word_1_167' title='bbox 1136 981 1346 1019; x_wconf 74' lang='lat' dir='ltr'>acceptatam.</span> <span class='ocrx_word' id='word_1_168' title='bbox 1371 978 1480 1010; x_wconf 92' lang='lat' dir='ltr'>Huius</span> <span class='ocrx_word' id='word_1_169' title='bbox 1499 981 1632 1009; x_wconf 84' lang='lat' dir='ltr'>autem¹¹</span> <span class='ocrx_word' id='word_1_170' title='bbox 1652 977 1698 1009; x_wconf 91' lang='lat' dir='ltr'>rei</span> <span class='ocrx_word' id='word_1_171' title='bbox 1720 978 1874 1009; x_wconf 90' lang='lat' dir='ltr'>modum⁰</span> <span class='ocrx_word' id='word_1_172' title='bbox 1894 982 1928 1009; x_wconf 89' lang='lat' dir='ltr'>et</span> <span class='ocrx_word' id='word_1_173' title='bbox 1947 978 2097 1010; x_wconf 89' lang='lat' dir='ltr'>ordinem</span> 
     </span>
     <span class='ocr_line' id='line_1_16' title="bbox 447 1030 2153 1074; baseline 0 -10"><span class='ocrx_word' id='word_1_174' title='bbox 447 1033 687 1065; x_wconf 68' lang='lat' dir='ltr'>diffinitionisn.</span> <span class='ocrx_word' id='word_1_175' title='bbox 709 1033 886 1073; x_wconf 76' lang='lat' dir='ltr'>quoniamq</span> <span class='ocrx_word' id='word_1_176' title='bbox 908 1031 1090 1074; x_wconf 83' lang='lat' dir='ltr'>pusillitasr</span> <span class='ocrx_word' id='word_1_177' title='bbox 1105 1030 1451 1072; x_wconf 84' lang='lat' dir='ltr'>intellegentiunculae</span> <span class='ocrx_word' id='word_1_178' title='bbox 1474 1041 1576 1068; x_wconf 87' lang='lat' dir='ltr'>meae,</span> <span class='ocrx_word' id='word_1_179' title='bbox 1597 1030 1678 1071; x_wconf 87' lang='lat' dir='ltr'>quid</span> <span class='ocrx_word' id='word_1_180' title='bbox 1699 1031 1817 1062; x_wconf 81' lang='lat' dir='ltr'>exinde</span> <span class='ocrx_word' id='word_1_181' title='bbox 1838 1031 1986 1069; x_wconf 82' lang='lat' dir='ltr'>sentiret,</span> <span class='ocrx_word' id='word_1_182' title='bbox 2008 1031 2096 1064; x_wconf 87' lang='lat' dir='ltr'>iussa</span> <span class='ocrx_word' id='word_1_183' title='bbox 2126 1043 2153 1064; x_wconf 84' lang='lat'>15</span> 
     </span>
     <span class='ocr_line' id='line_1_17' title="bbox 448 1083 2097 1127; baseline -0.001 -10"><span class='ocrx_word' id='word_1_184' title='bbox 448 1087 571 1127; x_wconf 87' lang='lat' dir='ltr'>synodo</span> <span class='ocrx_word' id='word_1_185' title='bbox 597 1092 780 1127; x_wconf 74' lang='lat' dir='ltr'>suggerere⁸</span> <span class='ocrx_word' id='word_1_186' title='bbox 806 1086 947 1123; x_wconf 85' lang='lat' dir='ltr'>studuit,</span> <span class='ocrx_word' id='word_1_187' title='bbox 967 1085 1139 1116; x_wconf 87' lang='lat' dir='ltr'>communi</span> <span class='ocrx_word' id='word_1_188' title='bbox 1164 1095 1325 1117; x_wconf 85' lang='lat' dir='ltr'>consensu</span> <span class='ocrx_word' id='word_1_189' title='bbox 1352 1087 1485 1116; x_wconf 89' lang='lat' dir='ltr'>sanctae</span> <span class='ocrx_word' id='word_1_190' title='bbox 1511 1084 1729 1115; x_wconf 84' lang='lat' dir='ltr'>unanimitati</span> <span class='ocrx_word' id='word_1_191' title='bbox 1754 1083 1968 1125; x_wconf 86' lang='lat' dir='ltr'>complacuit,</span> <span class='ocrx_word' id='word_1_192' title='bbox 1996 1088 2034 1115; x_wconf 89' lang='lat' dir='ltr'>ut</span> <span class='ocrx_word' id='word_1_193' title='bbox 2060 1096 2097 1116; x_wconf 87' lang='lat' dir='ltr'>ea</span> 
     </span>
     <span class='ocr_line' id='line_1_18' title="bbox 449 1136 2096 1180; baseline -0.001 -9"><span class='ocrx_word' id='word_1_194' title='bbox 449 1139 565 1171; x_wconf 87' lang='lat' dir='ltr'>litteris</span> <span class='ocrx_word' id='word_1_195' title='bbox 589 1139 835 1171; x_wconf 86' lang='lat' dir='ltr'>commendaret</span> <span class='ocrx_word' id='word_1_196' title='bbox 861 1142 908 1169; x_wconf 72' lang='lat' dir='ltr'>ett</span> <span class='ocrx_word' id='word_1_197' title='bbox 940 1137 1122 1180; x_wconf 84' lang='lat' dir='ltr'>sapientiae</span> <span class='ocrx_word' id='word_1_198' title='bbox 1146 1141 1285 1175; x_wconf 89' lang='lat' dir='ltr'>vestrae,</span> <span class='ocrx_word' id='word_1_199' title='bbox 1312 1138 1397 1168; x_wconf 90' lang='lat' dir='ltr'>sicut</span> <span class='ocrx_word' id='word_1_200' title='bbox 1421 1141 1503 1168; x_wconf 86' lang='lat' dir='ltr'>tunc</span> <span class='ocrx_word' id='word_1_201' title='bbox 1530 1137 1666 1168; x_wconf 76' lang='lat' dir='ltr'>fuerunt</span> <span class='ocrx_word' id='word_1_202' title='bbox 1691 1137 1726 1168; x_wconf 91' lang='lat' dir='ltr'>in</span> <span class='ocrx_word' id='word_1_203' title='bbox 1751 1136 1887 1168; x_wconf 86' lang='lat' dir='ltr'>concilio</span> <span class='ocrx_word' id='word_1_204' title='bbox 1912 1140 2096 1179; x_wconf 88' lang='lat' dir='ltr'>acceptata,</span> 
     </span>
     <span class='ocr_line' id='line_1_19' title="bbox 446 1190 2097 1232; baseline -0.001 -9"><span class='ocrx_word' id='word_1_205' title='bbox 446 1192 698 1224; x_wconf 82' lang='lat' dir='ltr'>transmitteret.</span> <span class='ocrx_word' id='word_1_206' title='bbox 720 1191 778 1223; x_wconf 73' lang='lat' dir='ltr'>Ett</span> <span class='ocrx_word' id='word_1_207' title='bbox 800 1192 916 1222; x_wconf 86' lang='lat' dir='ltr'>idcirco</span> <span class='ocrx_word' id='word_1_208' title='bbox 938 1203 1003 1222; x_wconf 91' lang='lat' dir='ltr'>non</span> <span class='ocrx_word' id='word_1_209' title='bbox 1024 1191 1120 1232; x_wconf 86' lang='lat' dir='ltr'>quasi</span> <span class='ocrx_word' id='word_1_210' title='bbox 1143 1190 1363 1222; x_wconf 86' lang='lat' dir='ltr'>nescientibus</span> <span class='ocrx_word' id='word_1_211' title='bbox 1383 1191 1472 1228; x_wconf 85' lang='lat' dir='ltr'>haec,</span> <span class='ocrx_word' id='word_1_212' title='bbox 1487 1201 1572 1231; x_wconf 88' lang='lat' dir='ltr'>quae</span> <span class='ocrx_word' id='word_1_213' title='bbox 1595 1193 1790 1231; x_wconf 88' lang='lat' dir='ltr'>sequuntur,</span> <span class='ocrx_word' id='word_1_214' title='bbox 1805 1190 1897 1221; x_wconf 84' lang='lat' dir='ltr'>vobis</span> <span class='ocrx_word' id='word_1_215' title='bbox 1919 1191 2097 1223; x_wconf 88' lang='lat' dir='ltr'>necessaria</span> 
     </span>
     <span class='ocr_line' id='line_1_20' title="bbox 449 1242 2098 1286; baseline 0 -10"><span class='ocrx_word' id='word_1_216' title='bbox 449 1253 524 1276; x_wconf 85' lang='lat' dir='ltr'>necu</span> <span class='ocrx_word' id='word_1_217' title='bbox 551 1249 588 1276; x_wconf 92' lang='lat' dir='ltr'>ut</span> <span class='ocrx_word' id='word_1_218' title='bbox 606 1256 759 1286; x_wconf 84' lang='lat' dir='ltr'>arrogans</span> <span class='ocrx_word' id='word_1_219' title='bbox 780 1245 859 1276; x_wconf 90' lang='lat' dir='ltr'>mihi</span> <span class='ocrx_word' id='word_1_220' title='bbox 877 1245 1112 1276; x_wconf 83' lang='lat' dir='ltr'>auctoritatem</span> <span class='ocrx_word' id='word_1_221' title='bbox 1131 1244 1279 1286; x_wconf 85' lang='lat' dir='ltr'>specialis</span> <span class='ocrx_word' id='word_1_222' title='bbox 1298 1244 1452 1275; x_wconf 87' lang='lat' dir='ltr'>scientiae</span> <span class='ocrx_word' id='word_1_223' title='bbox 1470 1243 1523 1275; x_wconf 89' lang='lat' dir='ltr'>vel</span> <span class='ocrx_word' id='word_1_224' title='bbox 1542 1244 1668 1275; x_wconf 88' lang='lat' dir='ltr'>iactans</span> <span class='ocrx_word' id='word_1_225' title='bbox 1685 1242 1895 1275; x_wconf 80' lang='lat' dir='ltr'>diffinitionis</span> <span class='ocrx_word' id='word_1_226' title='bbox 1913 1243 2098 1282; x_wconf 86' lang='lat' dir='ltr'>audaciam,</span> 
     </span>
     <span class='ocr_line' id='line_1_21' title="bbox 449 1296 2154 1338; baseline -0.001 -8"><span class='ocrx_word' id='word_1_227' title='bbox 449 1299 502 1330; x_wconf 90' lang='lat' dir='ltr'>sed</span> <span class='ocrx_word' id='word_1_228' title='bbox 518 1302 555 1329; x_wconf 91' lang='lat' dir='ltr'>ut</span> <span class='ocrx_word' id='word_1_229' title='bbox 569 1298 718 1329; x_wconf 88' lang='lat' dir='ltr'>ecclesiae</span> <span class='ocrx_word' id='word_1_230' title='bbox 732 1309 768 1329; x_wconf 93' lang='lat' dir='ltr'>ac</span> <span class='ocrx_word' id='word_1_231' title='bbox 783 1302 889 1329; x_wconf 84' lang='lat' dir='ltr'>vester</span> <span class='ocrx_word' id='word_1_232' title='bbox 904 1298 1056 1330; x_wconf 88' lang='lat' dir='ltr'>omnium</span> <span class='ocrx_word' id='word_1_233' title='bbox 1069 1297 1221 1329; x_wconf 81' lang='lat' dir='ltr'>videficet</span> <span class='ocrx_word' id='word_1_234' title='bbox 1236 1307 1404 1328; x_wconf 89' lang='lat' dir='ltr'>servorum</span> <span class='ocrx_word' id='word_1_235' title='bbox 1413 1297 1548 1329; x_wconf 91' lang='lat' dir='ltr'>Domini</span> <span class='ocrx_word' id='word_1_236' title='bbox 1563 1307 1675 1328; x_wconf 88' lang='lat' dir='ltr'>servus</span> <span class='ocrx_word' id='word_1_237' title='bbox 1689 1300 1722 1328; x_wconf 90' lang='lat' dir='ltr'>et</span> <span class='ocrx_word' id='word_1_238' title='bbox 1737 1296 1840 1338; x_wconf 87' lang='lat' dir='ltr'>plebis</span> <span class='ocrx_word' id='word_1_239' title='bbox 1854 1297 2037 1329; x_wconf 87' lang='lat' dir='ltr'>dominicae</span> <span class='ocrx_word' id='word_1_240' title='bbox 2052 1297 2099 1329; x_wconf 76' lang='lat' dir='ltr'>fa·</span> <span class='ocrx_word' id='word_1_241' title='bbox 2126 1309 2154 1329; x_wconf 79' lang='lat'>20</span> 
     </span>
     <span class='ocr_line' id='line_1_22' title="bbox 450 1349 2099 1392; baseline -0.001 -8"><span class='ocrx_word' id='word_1_242' title='bbox 450 1351 569 1388; x_wconf 87' lang='lat' dir='ltr'>mulus⁷</span> <span class='ocrx_word' id='word_1_243' title='bbox 583 1361 788 1392; x_wconf 88' lang='lat' dir='ltr'>quamquam</span> <span class='ocrx_word' id='word_1_244' title='bbox 809 1362 874 1382; x_wconf 92' lang='lat' dir='ltr'>non</span> <span class='ocrx_word' id='word_1_245' title='bbox 894 1355 931 1382; x_wconf 89' lang='lat' dir='ltr'>ut</span> <span class='ocrx_word' id='word_1_246' title='bbox 949 1351 1058 1388; x_wconf 87' lang='lat' dir='ltr'>debui,</span> <span class='ocrx_word' id='word_1_247' title='bbox 1074 1354 1188 1382; x_wconf 86' lang='lat' dir='ltr'>tamen</span> <span class='ocrx_word' id='word_1_248' title='bbox 1208 1355 1247 1381; x_wconf 90' lang='lat' dir='ltr'>ut</span> <span class='ocrx_word' id='word_1_249' title='bbox 1266 1350 1372 1392; x_wconf 88' lang='lat' dir='ltr'>potui,</span> <span class='ocrx_word' id='word_1_250' title='bbox 1391 1350 1575 1381; x_wconf 89' lang='lat' dir='ltr'>devotionis</span> <span class='ocrx_word' id='word_1_251' title='bbox 1593 1350 1799 1381; x_wconf 88' lang='lat' dir='ltr'>oboedientia</span> <span class='ocrx_word' id='word_1_252' title='bbox 1816 1349 1965 1391; x_wconf 82' lang='lat' dir='ltr'>colligere</span> <span class='ocrx_word' id='word_1_253' title='bbox 1983 1354 2017 1381; x_wconf 90' lang='lat' dir='ltr'>et</span> <span class='ocrx_word' id='word_1_254' title='bbox 2034 1350 2099 1382; x_wconf 89' lang='lat' dir='ltr'>col-</span> 
     </span>
     <span class='ocr_line' id='line_1_23' title="bbox 448 1403 2099 1446; baseline -0.001 -10"><span class='ocrx_word' id='word_1_255' title='bbox 448 1404 549 1436; x_wconf 76' lang='lat' dir='ltr'>lectaq</span> <span class='ocrx_word' id='word_1_256' title='bbox 560 1404 651 1435; x_wconf 87' lang='lat' dir='ltr'>vobis</span> <span class='ocrx_word' id='word_1_257' title='bbox 665 1405 891 1436; x_wconf 86' lang='lat' dir='ltr'>transmittere</span> <span class='ocrx_word' id='word_1_258' title='bbox 908 1404 1109 1446; x_wconf 78' lang='lat' dir='ltr'>procuraviv.</span> <span class='ocrx_word' id='word_1_259' title='bbox 1126 1404 1165 1435; x_wconf 90' lang='lat' dir='ltr'>In</span> <span class='ocrx_word' id='word_1_260' title='bbox 1180 1403 1302 1445; x_wconf 88' lang='lat' dir='ltr'>quibus</span> <span class='ocrx_word' id='word_1_261' title='bbox 1316 1403 1419 1434; x_wconf 79' lang='lat' dir='ltr'>nihilw</span> <span class='ocrx_word' id='word_1_262' title='bbox 1429 1403 1468 1435; x_wconf 89' lang='lat' dir='ltr'>de</span> <span class='ocrx_word' id='word_1_263' title='bbox 1478 1403 1567 1434; x_wconf 89' lang='lat' dir='ltr'>civili</span> <span class='ocrx_word' id='word_1_264' title='bbox 1583 1403 1713 1441; x_wconf 80' lang='lat' dir='ltr'>iudicio,</span> <span class='ocrx_word' id='word_1_265' title='bbox 1724 1403 1819 1435; x_wconf 91' lang='lat' dir='ltr'>cuius</span> <span class='ocrx_word' id='word_1_266' title='bbox 1833 1403 2015 1445; x_wconf 87' lang='lat' dir='ltr'>cognitores</span> <span class='ocrx_word' id='word_1_267' title='bbox 2032 1415 2099 1435; x_wconf 89' lang='lat' dir='ltr'>non</span> 
     </span>
     <span class='ocr_line' id='line_1_24' title="bbox 447 1456 2098 1499; baseline -0.001 -10"><span class='ocrx_word' id='word_1_268' title='bbox 447 1457 604 1489; x_wconf 87' lang='lat' dir='ltr'>debemus</span> <span class='ocrx_word' id='word_1_269' title='bbox 620 1469 686 1489; x_wconf 88' lang='lat' dir='ltr'>esse</span> <span class='ocrx_word' id='word_1_270' title='bbox 704 1458 878 1499; x_wconf 63' lang='lat' dir='ltr'>episcopix,</span> <span class='ocrx_word' id='word_1_271' title='bbox 896 1469 1027 1499; x_wconf 84' lang='lat' dir='ltr'>ponere,</span> <span class='ocrx_word' id='word_1_272' title='bbox 1045 1457 1100 1489; x_wconf 92' lang='lat' dir='ltr'>sed</span> <span class='ocrx_word' id='word_1_273' title='bbox 1116 1468 1201 1498; x_wconf 92' lang='lat' dir='ltr'>quae</span> <span class='ocrx_word' id='word_1_274' title='bbox 1218 1456 1474 1488; x_wconf 74' lang='lat' dir='ltr'>ecelesiasticaev</span> <span class='ocrx_word' id='word_1_275' title='bbox 1491 1456 1684 1488; x_wconf 77' lang='lat' dir='ltr'>diffinitioni</span> <span class='ocrx_word' id='word_1_276' title='bbox 1702 1460 1884 1488; x_wconf 87' lang='lat' dir='ltr'>noscuntur</span> <span class='ocrx_word' id='word_1_277' title='bbox 1899 1461 2098 1498; x_wconf 84' lang='lat' dir='ltr'>competere,</span> 
     </span>
     <span class='ocr_line' id='line_1_25' title="bbox 447 1509 1582 1552; baseline 0 -11"><span class='ocrx_word' id='word_1_278' title='bbox 447 1515 632 1552; x_wconf 86' lang='lat' dir='ltr'>quantumz</span> <span class='ocrx_word' id='word_1_279' title='bbox 652 1511 811 1542; x_wconf 88' lang='lat' dir='ltr'>occurritz</span> <span class='ocrx_word' id='word_1_280' title='bbox 835 1511 1038 1545; x_wconf 78' lang='lat' dir='ltr'>memoriae2.</span> <span class='ocrx_word' id='word_1_281' title='bbox 1060 1510 1220 1542; x_wconf 73' lang='lat' dir='ltr'>breviter³</span> <span class='ocrx_word' id='word_1_282' title='bbox 1242 1509 1374 1541; x_wconf 70' lang='lat' dir='ltr'>studui³</span> <span class='ocrx_word' id='word_1_283' title='bbox 1393 1510 1582 1542; x_wconf 58' lang='lat' dir='ltr'>adnotarea.</span> 
     </span>
    </p>

    <p class='ocr_par' dir='ltr' id='par_1_5' title="bbox 449 1562 2214 2080">
     <span class='ocr_line' id='line_1_26' title="bbox 541 1562 2203 1605; baseline 0.001 -11"><span class='ocrx_word' id='word_1_284' title='bbox 541 1563 715 1595; x_wconf 77' lang='lat' dir='ltr'>Ordinemb</span> <span class='ocrx_word' id='word_1_285' title='bbox 735 1564 848 1596; x_wconf 90' lang='lat' dir='ltr'>iudicii</span> <span class='ocrx_word' id='word_1_286' title='bbox 867 1565 906 1595; x_wconf 92' lang='lat' dir='ltr'>de</span> <span class='ocrx_word' id='word_1_287' title='bbox 928 1565 1077 1596; x_wconf 89' lang='lat' dir='ltr'>nondum</span> <span class='ocrx_word' id='word_1_288' title='bbox 1098 1567 1215 1605; x_wconf 87' lang='lat' dir='ltr'>sponte</span> <span class='ocrx_word' id='word_1_289' title='bbox 1235 1563 1391 1594; x_wconf 85' lang='lat' dir='ltr'>confessis</span> <span class='ocrx_word' id='word_1_290' title='bbox 1409 1562 1463 1594; x_wconf 91' lang='lat' dir='ltr'>vel</span> <span class='ocrx_word' id='word_1_291' title='bbox 1481 1567 1594 1605; x_wconf 88' lang='lat' dir='ltr'>aperte</span> <span class='ocrx_word' id='word_1_292' title='bbox 1613 1563 1774 1594; x_wconf 87' lang='lat' dir='ltr'>convictis</span> <span class='ocrx_word' id='word_1_293' title='bbox 1782 1562 1804 1601; x_wconf 78' lang='lat'>²,</span> <span class='ocrx_word' id='word_1_294' title='bbox 1825 1562 1985 1604; x_wconf 87' lang='lat' dir='ltr'>quoniam</span> <span class='ocrx_word' id='word_1_295' title='bbox 2003 1562 2099 1594; x_wconf 87' lang='lat' dir='ltr'>aliter</span> <span class='ocrx_word' id='word_1_296' title='bbox 2126 1575 2153 1596; x_wconf 76' lang='lat'>26</span> <span class='ocrx_word' id='word_1_297' title='bbox 2202 1583 2203 1586; x_wconf 65' lang='lat'><em>=</em></span> 
     </span>
     <span class='ocr_line' id='line_1_27' title="bbox 451 1616 2098 1659; baseline 0 -11"><span class='ocrx_word' id='word_1_298' title='bbox 451 1628 557 1653; x_wconf 76' lang='lat' dir='ltr'>nemo,</span> <span class='ocrx_word' id='word_1_299' title='bbox 581 1620 618 1647; x_wconf 91' lang='lat' dir='ltr'>ut</span> <span class='ocrx_word' id='word_1_300' title='bbox 640 1617 704 1648; x_wconf 90' lang='lat' dir='ltr'>Leo</span> <span class='ocrx_word' id='word_1_301' title='bbox 727 1628 812 1658; x_wconf 89' lang='lat' dir='ltr'>papa</span> <span class='ocrx_word' id='word_1_302' title='bbox 834 1618 979 1649; x_wconf 87' lang='lat' dir='ltr'>decernit</span> <span class='ocrx_word' id='word_1_303' title='bbox 988 1618 1011 1655; x_wconf 82' lang='lat'>³,</span> <span class='ocrx_word' id='word_1_304' title='bbox 1035 1620 1145 1659; x_wconf 90' lang='lat' dir='ltr'>potest</span> <span class='ocrx_word' id='word_1_305' title='bbox 1166 1616 1356 1658; x_wconf 85' lang='lat' dir='ltr'>regulariter</span> <span class='ocrx_word' id='word_1_306' title='bbox 1378 1616 1525 1654; x_wconf 90' lang='lat' dir='ltr'>iudicari,</span> <span class='ocrx_word' id='word_1_307' title='bbox 1548 1620 1682 1648; x_wconf 89' lang='lat' dir='ltr'>sanctus</span> <span class='ocrx_word' id='word_1_308' title='bbox 1705 1616 1877 1657; x_wconf 83' lang='lat' dir='ltr'>Gregorius</span> <span class='ocrx_word' id='word_1_309' title='bbox 1897 1616 1933 1647; x_wconf 89' lang='lat' dir='ltr'>in</span> <span class='ocrx_word' id='word_1_310' title='bbox 1953 1627 2098 1648; x_wconf 92' lang='lat' dir='ltr'>commo-</span> 
     </span>
     <span class='ocr_line' id='line_1_28' title="bbox 451 1669 2098 1707; baseline 0.001 -7"><span class='ocrx_word' id='word_1_311' title='bbox 451 1671 568 1701; x_wconf 87' lang='lat' dir='ltr'>nitorio</span> <span class='ocrx_word' id='word_1_312' title='bbox 586 1670 627 1701; x_wconf 89' lang='lat' dir='ltr'>ad</span> <span class='ocrx_word' id='word_1_313' title='bbox 646 1670 827 1702; x_wconf 85' lang='lat' dir='ltr'>Iohannem</span> <span class='ocrx_word' id='word_1_314' title='bbox 844 1671 1049 1702; x_wconf 79' lang='lat' dir='ltr'>defensorem</span> <span class='ocrx_word' id='word_1_315' title='bbox 1065 1671 1273 1702; x_wconf 87' lang='lat' dir='ltr'>demonstrat</span> <span class='ocrx_word' id='word_1_316' title='bbox 1288 1669 1435 1701; x_wconf 81' lang='lat' dir='ltr'>dicens4:</span> <span class='ocrx_word' id='word_1_317' title='bbox 1456 1673 1583 1699; x_wconf 86' lang='lat' dir='ltr'>Primum</span> <span class='ocrx_word' id='word_1_318' title='bbox 1602 1672 1640 1700; x_wconf 91' lang='lat' dir='ltr'>ut</span> <span class='ocrx_word' id='word_1_319' title='bbox 1657 1673 1795 1700; x_wconf 82' lang='lat' dir='ltr'>iudicium</span> <span class='ocrx_word' id='word_1_320' title='bbox 1813 1672 2010 1700; x_wconf 78' lang='lat' dir='ltr'>ordinabih&#39;ter</span> <span class='ocrx_word' id='word_1_321' title='bbox 2028 1669 2098 1707; x_wconf 89' lang='lat' dir='ltr'>fiat,</span> 
     </span>
     <span class='ocr_line' id='line_1_29' title="bbox 449 1723 2099 1764; baseline 0.001 -11"><span class='ocrx_word' id='word_1_322' title='bbox 449 1726 613 1764; x_wconf 75' lang='lat' dir='ltr'>quatenus</span> <span class='ocrx_word' id='word_1_323' title='bbox 631 1723 697 1754; x_wconf 69' lang='lat' dir='ltr'>sint</span> <span class='ocrx_word' id='word_1_324' title='bbox 721 1727 768 1753; x_wconf 78' lang='lat' dir='ltr'>alii</span> <span class='ocrx_word' id='word_1_325' title='bbox 792 1732 971 1754; x_wconf 84' lang='lat' dir='ltr'>accusatores</span> <span class='ocrx_word' id='word_1_326' title='bbox 988 1731 1018 1754; x_wconf 85' lang='lat' dir='ltr'>et</span> <span class='ocrx_word' id='word_1_327' title='bbox 1035 1727 1083 1754; x_wconf 82' lang='lat' dir='ltr'>alii</span> <span class='ocrx_word' id='word_1_328' title='bbox 1100 1730 1202 1757; x_wconf 80' lang='lat' dir='ltr'>testes;</span> <span class='ocrx_word' id='word_1_329' title='bbox 1219 1727 1321 1753; x_wconf 88' lang='lat' dir='ltr'>deinde</span> <span class='ocrx_word' id='word_1_330' title='bbox 1340 1727 1377 1754; x_wconf 78' lang='lat' dir='ltr'>ut</span> <span class='ocrx_word' id='word_1_331' title='bbox 1395 1735 1546 1753; x_wconf 87' lang='lat' dir='ltr'>causarum</span> <span class='ocrx_word' id='word_1_332' title='bbox 1564 1726 1697 1760; x_wconf 84' lang='lat' dir='ltr'>qualitas,</span> <span class='ocrx_word' id='word_1_333' title='bbox 1715 1727 1739 1752; x_wconf 84' lang='lat' dir='ltr'>si</span> <span class='ocrx_word' id='word_1_334' title='bbox 1756 1726 1842 1760; x_wconf 82' lang='lat' dir='ltr'>digna</span> <span class='ocrx_word' id='word_1_335' title='bbox 1859 1726 1944 1752; x_wconf 80' lang='lat' dir='ltr'>exilio</span> <span class='ocrx_word' id='word_1_336' title='bbox 1961 1726 2007 1752; x_wconf 88' lang='lat' dir='ltr'>vel</span> <span class='ocrx_word' id='word_1_337' title='bbox 2023 1734 2099 1754; x_wconf 85' lang='lat' dir='ltr'>con—</span> 
     </span>
     <span class='ocr_line' id='line_1_30' title="bbox 451 1776 2099 1818; baseline -0.001 -11"><span class='ocrx_word' id='word_1_338' title='bbox 451 1777 661 1807; x_wconf 70' lang='lat' dir='ltr'>demnatione</span> <span class='ocrx_word' id='word_1_339' title='bbox 683 1776 735 1814; x_wconf 76' lang='lat' dir='ltr'>Sit,</span> <span class='ocrx_word' id='word_1_340' title='bbox 758 1777 946 1817; x_wconf 75' lang='lat' dir='ltr'>exploretur</span> <span class='ocrx_word' id='word_1_341' title='bbox 967 1781 1000 1809; x_wconf 71' lang='lat' dir='ltr'>et</span> <span class='ocrx_word' id='word_1_342' title='bbox 1020 1784 1168 1814; x_wconf 81' lang='lat' dir='ltr'>praesente</span> <span class='ocrx_word' id='word_1_343' title='bbox 1189 1789 1231 1811; x_wconf 91' lang='lat' dir='ltr'>e0,</span> <span class='ocrx_word' id='word_1_344' title='bbox 1252 1777 1311 1818; x_wconf 87' lang='lat' dir='ltr'>qui</span> <span class='ocrx_word' id='word_1_345' title='bbox 1330 1780 1515 1813; x_wconf 76' lang='lat' dir='ltr'>accusatur,</span> <span class='ocrx_word' id='word_1_346' title='bbox 1537 1779 1590 1805; x_wconf 87' lang='lat' dir='ltr'>sub</span> <span class='ocrx_word' id='word_1_347' title='bbox 1610 1779 1791 1806; x_wconf 87' lang='lat' dir='ltr'>iureiurando</span> <span class='ocrx_word' id='word_1_348' title='bbox 1813 1783 1912 1806; x_wconf 82' lang='lat' dir='ltr'>contra</span> <span class='ocrx_word' id='word_1_349' title='bbox 1932 1788 1998 1805; x_wconf 89' lang='lat' dir='ltr'>eum</span> <span class='ocrx_word' id='word_1_350' title='bbox 2019 1780 2099 1806; x_wconf 85' lang='lat' dir='ltr'>testi-</span> 
     </span>
     <span class='ocr_line' id='line_1_31' title="bbox 453 1830 2207 1870; baseline 0.001 -13"><span class='ocrx_word' id='word_1_351' title='bbox 453 1833 578 1858; x_wconf 86' lang='lat' dir='ltr'>monium</span> <span class='ocrx_word' id='word_1_352' title='bbox 599 1830 782 1870; x_wconf 78' lang='lat' dir='ltr'>proferatur</span> <span class='ocrx_word' id='word_1_353' title='bbox 802 1834 836 1861; x_wconf 81' lang='lat' dir='ltr'>et</span> <span class='ocrx_word' id='word_1_354' title='bbox 857 1835 969 1868; x_wconf 85' lang='lat' dir='ltr'>scriptis</span> <span class='ocrx_word' id='word_1_355' title='bbox 989 1835 1128 1862; x_wconf 74' lang='lat' dir='ltr'>actuum</span> <span class='ocrx_word' id='word_1_356' title='bbox 1149 1831 1311 1861; x_wconf 65' lang='lat' dir='ltr'>inseratur</span> <span class='ocrx_word' id='word_1_357' title='bbox 1331 1833 1365 1861; x_wconf 69' lang='lat' dir='ltr'>eb</span> <span class='ocrx_word' id='word_1_358' title='bbox 1384 1833 1559 1862; x_wconf 79' lang='lat' dir='ltr'>accusatus</span> <span class='ocrx_word' id='word_1_359' title='bbox 1578 1832 1723 1859; x_wconf 88' lang='lat' dir='ltr'>licentiam</span> <span class='ocrx_word' id='word_1_360' title='bbox 1744 1832 1933 1866; x_wconf 85' lang='lat' dir='ltr'>respondendi</span> <span class='ocrx_word' id='word_1_361' title='bbox 1952 1836 1982 1858; x_wconf 85' lang='lat' dir='ltr'>et</span> <span class='ocrx_word' id='word_1_362' title='bbox 2002 1832 2099 1859; x_wconf 86' lang='lat' dir='ltr'>defen·</span> <span class='ocrx_word' id='word_1_363' title='bbox 2126 1842 2154 1864; x_wconf 81' lang='lat'>30</span> <span class='ocrx_word' id='word_1_364' title='bbox 2204 1831 2207 1834; x_wconf 77' lang='grc'><strong>’</strong></span> 
     </span>
     <span class='ocr_line' id='line_1_32' title="bbox 451 1885 2099 1926; baseline 0.001 -15"><span class='ocrx_word' id='word_1_365' title='bbox 451 1885 536 1911; x_wconf 88' lang='lat' dir='ltr'>dendi</span> <span class='ocrx_word' id='word_1_366' title='bbox 554 1894 582 1911; x_wconf 88' lang='lat' dir='ltr'>se</span> <span class='ocrx_word' id='word_1_367' title='bbox 601 1886 729 1912; x_wconf 85' lang='lat' dir='ltr'>habeat.</span> <span class='ocrx_word' id='word_1_368' title='bbox 751 1886 806 1912; x_wconf 85' lang='lat' dir='ltr'>Sed</span> <span class='ocrx_word' id='word_1_369' title='bbox 824 1890 853 1912; x_wconf 81' lang='lat' dir='ltr'>et</span> <span class='ocrx_word' id='word_1_370' title='bbox 871 1887 905 1913; x_wconf 90' lang='lat' dir='ltr'>de</span> <span class='ocrx_word' id='word_1_371' title='bbox 925 1888 1051 1921; x_wconf 86' lang='lat' dir='ltr'>personis</span> <span class='ocrx_word' id='word_1_372' title='bbox 1070 1887 1268 1926; x_wconf 79' lang='lat' dir='ltr'>accusantium</span> <span class='ocrx_word' id='word_1_373' title='bbox 1286 1888 1319 1914; x_wconf 76' lang='lat' dir='ltr'>et</span> <span class='ocrx_word' id='word_1_374' title='bbox 1337 1885 1555 1913; x_wconf 86' lang='lat' dir='ltr'>testificantium</span> <span class='ocrx_word' id='word_1_375' title='bbox 1573 1886 1717 1913; x_wconf 82' lang='lat' dir='ltr'>subtiliter</span> <span class='ocrx_word' id='word_1_376' title='bbox 1733 1889 1778 1912; x_wconf 73' lang='lat' dir='ltr'>est</span> <span class='ocrx_word' id='word_1_377' title='bbox 1796 1885 2000 1920; x_wconf 84' lang='lat' dir='ltr'>quaerendum,</span> <span class='ocrx_word' id='word_1_378' title='bbox 2019 1886 2099 1912; x_wconf 87' lang='lat' dir='ltr'>cuius</span> 
     </span>
     <span class='ocr_line' id='line_1_33' title="bbox 452 1938 2101 1974; baseline 0.001 -10"><span class='ocrx_word' id='word_1_379' title='bbox 452 1938 620 1964; x_wconf 80' lang='lat' dir='ltr'>conditionis</span> <span class='ocrx_word' id='word_1_380' title='bbox 637 1940 751 1965; x_wconf 86' lang='lat' dir='ltr'>cuiusve</span> <span class='ocrx_word' id='word_1_381' title='bbox 768 1940 908 1973; x_wconf 87' lang='lat' dir='ltr'>opinionis</span> <span class='ocrx_word' id='word_1_382' title='bbox 925 1944 976 1966; x_wconf 85' lang='lat' dir='ltr'>aut</span> <span class='ocrx_word' id='word_1_383' title='bbox 993 1949 1027 1966; x_wconf 89' lang='lat' dir='ltr'>ne</span> <span class='ocrx_word' id='word_1_384' title='bbox 1044 1941 1142 1974; x_wconf 83' lang='lat' dir='ltr'>inopes</span> <span class='ocrx_word' id='word_1_385' title='bbox 1159 1941 1239 1966; x_wconf 72' lang='lat' dir='ltr'>sintc</span> <span class='ocrx_word' id='word_1_386' title='bbox 1257 1942 1308 1966; x_wconf 90' lang='lat' dir='ltr'>aut</span> <span class='ocrx_word' id='word_1_387' title='bbox 1325 1948 1359 1966; x_wconf 92' lang='lat' dir='ltr'>ne</span> <span class='ocrx_word' id='word_1_388' title='bbox 1377 1939 1449 1965; x_wconf 83' lang='lat' dir='ltr'>forte</span> <span class='ocrx_word' id='word_1_389' title='bbox 1467 1939 1595 1973; x_wconf 75' lang='lat' dir='ltr'>aliquasd</span> <span class='ocrx_word' id='word_1_390' title='bbox 1612 1942 1712 1965; x_wconf 82' lang='lat' dir='ltr'>contra</span> <span class='ocrx_word' id='word_1_391' title='bbox 1727 1939 1922 1967; x_wconf 81' lang='lat' dir='ltr'>accusatum</span> <span class='ocrx_word' id='word_1_392' title='bbox 1936 1939 2101 1966; x_wconf 74' lang='lat' dir='ltr'>inimicitias</span> 
     </span>
     <span class='ocr_line' id='line_1_34' title="bbox 452 1991 2099 2027; baseline 0.002 -10"><span class='ocrx_word' id='word_1_393' title='bbox 452 1991 605 2022; x_wconf 84' lang='lat' dir='ltr'>habeant,</span> <span class='ocrx_word' id='word_1_394' title='bbox 623 1995 652 2017; x_wconf 86' lang='lat' dir='ltr'>et</span> <span class='ocrx_word' id='word_1_395' title='bbox 670 1995 767 2018; x_wconf 74' lang='lat' dir='ltr'>utrum</span> <span class='ocrx_word' id='word_1_396' title='bbox 785 1994 982 2019; x_wconf 85' lang='lat' dir='ltr'>testimonium</span> <span class='ocrx_word' id='word_1_397' title='bbox 999 2002 1035 2019; x_wconf 76' lang='lat' dir='ltr'>ex</span> <span class='ocrx_word' id='word_1_398' title='bbox 1053 1993 1154 2020; x_wconf 88' lang='lat' dir='ltr'>auditu</span> <span class='ocrx_word' id='word_1_399' title='bbox 1173 1993 1298 2019; x_wconf 81' lang='lat' dir='ltr'>dixerint</span> <span class='ocrx_word' id='word_1_400' title='bbox 1315 1996 1367 2019; x_wconf 83' lang='lat' dir='ltr'>aut</span> <span class='ocrx_word' id='word_1_401' title='bbox 1385 1996 1460 2019; x_wconf 85' lang='lat' dir='ltr'>certe</span> <span class='ocrx_word' id='word_1_402' title='bbox 1478 1992 1637 2027; x_wconf 86' lang='lat' dir='ltr'>specialiter</span> <span class='ocrx_word' id='word_1_403' title='bbox 1654 2001 1683 2018; x_wconf 91' lang='lat' dir='ltr'>se</span> <span class='ocrx_word' id='word_1_404' title='bbox 1701 1993 1770 2018; x_wconf 89' lang='lat' dir='ltr'>scire</span> <span class='ocrx_word' id='word_1_405' title='bbox 1788 1993 1889 2018; x_wconf 82' lang='lat' dir='ltr'>testati</span> <span class='ocrx_word' id='word_1_406' title='bbox 1906 1992 1991 2023; x_wconf 65' lang='lat' dir='ltr'>sinte,</span> <span class='ocrx_word' id='word_1_407' title='bbox 2009 1992 2043 2020; x_wconf 69' lang='lat' dir='ltr'>et</span> <span class='ocrx_word' id='word_1_408' title='bbox 2062 1994 2099 2020; x_wconf 72' lang='lat' dir='ltr'>ut</span> 
     </span>
     <span class='ocr_line' id='line_1_35' title="bbox 451 2041 2098 2080; baseline 0.004 -11"><span class='ocrx_word' id='word_1_409' title='bbox 451 2045 563 2077; x_wconf 81' lang='lat' dir='ltr'>scriptis</span> <span class='ocrx_word' id='word_1_410' title='bbox 583 2045 715 2071; x_wconf 85' lang='lat' dir='ltr'>iudicata</span> <span class='ocrx_word' id='word_1_411' title='bbox 736 2046 865 2079; x_wconf 82' lang='lat' dir='ltr'>partibus</span> <span class='ocrx_word' id='word_1_412' title='bbox 885 2047 1081 2080; x_wconf 75' lang='lat' dir='ltr'>praesentibus</span> <span class='ocrx_word' id='word_1_413' title='bbox 1099 2047 1243 2072; x_wconf 83' lang='lat' dir='ltr'>sententia</span> <span class='ocrx_word' id='word_1_414' title='bbox 1261 2046 1429 2077; x_wconf 83' lang='lat' dir='ltr'>recitetur,</span> <span class='ocrx_word' id='word_1_415' title='bbox 1451 2046 1483 2074; x_wconf 69' lang='lat' dir='ltr'>eb</span> <span class='ocrx_word' id='word_1_416' title='bbox 1505 2042 1548 2073; x_wconf 80' lang='lat' dir='ltr'>Sic</span> <span class='ocrx_word' id='word_1_417' title='bbox 1569 2042 1680 2074; x_wconf 72' lang='lat' dir='ltr'>omnia</span> <span class='ocrx_word' id='word_1_418' title='bbox 1701 2045 1874 2072; x_wconf 68' lang='lat' dir='ltr'>sollemniter</span> <span class='ocrx_word' id='word_1_419' title='bbox 1894 2041 2098 2074; x_wconf 64' lang='lat' dir='ltr'>l‘ObOI&#39;enbur.</span> 
     </span>
    </p>
   </div>
   <div class='ocr_carea' id='block_1_4' title="bbox 562 2099 1969 2103">
    <p class='ocr_par' dir='ltr' id='par_1_6' title="bbox 562 2099 1969 2103">
     <span class='ocr_line' id='line_1_36' title="bbox 562 2099 1969 2103; baseline 0 0"><span class='ocrx_word' id='word_1_420' title='bbox 562 2099 1969 2103; x_wconf 95' lang='lat' dir='ltr'> </span> 
     </span>
    </p>
   </div>
   <div class='ocr_carea' id='block_1_5' title="bbox 454 2129 2213 2514">
    <p class='ocr_par' dir='ltr' id='par_1_7' title="bbox 542 2129 2153 2161">
     <span class='ocr_line' id='line_1_37' title="bbox 542 2129 2153 2161; baseline -0.001 -8"><span class='ocrx_word' id='word_1_421' title='bbox 542 2132 565 2159; x_wconf 72' lang='lat'>³³)</span> <span class='ocrx_word' id='word_1_422' title='bbox 587 2130 770 2155; x_wconf 81' lang='lat' dir='ltr'>demonstrabo</span> <span class='ocrx_word' id='word_1_423' title='bbox 791 2130 867 2155; x_wconf 74' lang='lat' dir='ltr'>Sirm.</span> <span class='ocrx_word' id='word_1_424' title='bbox 982 2130 1005 2161; x_wconf 80' lang='lat' dir='ltr'>b)</span> <span class='ocrx_word' id='word_1_425' title='bbox 1025 2132 1095 2156; x_wconf 78' lang='lat' dir='ltr'>Fehlt</span> <span class='ocrx_word' id='word_1_426' title='bbox 1116 2132 1149 2156; x_wconf 87' lang='lat' dir='ltr'>D.</span> <span class='ocrx_word' id='word_1_427' title='bbox 1256 2134 1279 2161; x_wconf 83' lang='lat' dir='ltr'>e)</span> <span class='ocrx_word' id='word_1_428' title='bbox 1298 2131 1369 2155; x_wconf 75' lang='lat' dir='ltr'>Fehlt</span> <span class='ocrx_word' id='word_1_429' title='bbox 1389 2131 1422 2155; x_wconf 87' lang='lat' dir='ltr'>D.</span> <span class='ocrx_word' id='word_1_430' title='bbox 1530 2129 1554 2161; x_wconf 80' lang='lat' dir='ltr'>d)</span> <span class='ocrx_word' id='word_1_431' title='bbox 1576 2130 1679 2161; x_wconf 80' lang='lat' dir='ltr'>qualem</span> <span class='ocrx_word' id='word_1_432' title='bbox 1701 2130 1732 2154; x_wconf 92' lang='lat' dir='ltr'>B.</span> <span class='ocrx_word' id='word_1_433' title='bbox 1843 2132 1866 2160; x_wconf 73' lang='grc' dir='ltr'>Θ)</span> <span class='ocrx_word' id='word_1_434' title='bbox 1887 2130 2047 2161; x_wconf 83' lang='lat' dir='ltr'>Ragimundi</span> <span class='ocrx_word' id='word_1_435' title='bbox 2066 2130 2099 2154; x_wconf 90' lang='lat' dir='ltr'>D.</span> <span class='ocrx_word' id='word_1_436' title='bbox 2125 2130 2153 2152; x_wconf 78' lang='lat'>35</span> 
     </span>
    </p>

    <p class='ocr_par' dir='ltr' id='par_1_8' title="bbox 454 2172 2213 2514">
     <span class='ocr_line' id='line_1_38' title="bbox 455 2172 2098 2207; baseline 0.001 -11"><span class='ocrx_word' id='word_1_437' title='bbox 455 2172 474 2203; x_wconf 65' lang='grc' dir='ltr'>ἵ)</span> <span class='ocrx_word' id='word_1_438' title='bbox 495 2176 582 2197; x_wconf 82' lang='lat' dir='ltr'>autem</span> <span class='ocrx_word' id='word_1_439' title='bbox 608 2177 647 2197; x_wconf 79' lang='lat' dir='ltr'>est</span> <span class='ocrx_word' id='word_1_440' title='bbox 674 2174 703 2198; x_wconf 86' lang='lat' dir='ltr'>C.</span> <span class='ocrx_word' id='word_1_441' title='bbox 813 2177 836 2205; x_wconf 71' lang='lat' dir='ltr'>g)</span> <span class='ocrx_word' id='word_1_442' title='bbox 856 2176 1087 2206; x_wconf 82' lang='lat' dir='ltr'>cumprovineiales</span> <span class='ocrx_word' id='word_1_443' title='bbox 1113 2176 1142 2200; x_wconf 84' lang='lat' dir='ltr'>C.</span> <span class='ocrx_word' id='word_1_444' title='bbox 1251 2175 1275 2206; x_wconf 78' lang='lat' dir='ltr'>n)</span> <span class='ocrx_word' id='word_1_445' title='bbox 1296 2175 1427 2207; x_wconf 87' lang='lat' dir='ltr'>placidum</span> <span class='ocrx_word' id='word_1_446' title='bbox 1447 2175 1476 2200; x_wconf 82' lang='lat'>0.</span> <span class='ocrx_word' id='word_1_447' title='bbox 1583 2173 1602 2206; x_wconf 80' lang='lat' dir='ltr'>i)</span> <span class='ocrx_word' id='word_1_448' title='bbox 1622 2183 1654 2199; x_wconf 91' lang='lat' dir='ltr'>ne</span> <span class='ocrx_word' id='word_1_449' title='bbox 1668 2175 1838 2199; x_wconf 86' lang='lat' dir='ltr'>—tumultus</span> <span class='ocrx_word' id='word_1_450' title='bbox 1862 2174 1904 2205; x_wconf 91' lang='lat' dir='ltr'>(Z.</span> <span class='ocrx_word' id='word_1_451' title='bbox 1916 2175 1963 2205; x_wconf 90' lang='lat'>11)</span> <span class='ocrx_word' id='word_1_452' title='bbox 1988 2174 2047 2205; x_wconf 71' lang='lat' dir='ltr'>fehlt</span> <span class='ocrx_word' id='word_1_453' title='bbox 2066 2174 2098 2198; x_wconf 91' lang='lat' dir='ltr'>D.</span> 
     </span>
     <span class='ocr_line' id='line_1_39' title="bbox 456 2216 2100 2251; baseline 0.001 -11"><span class='ocrx_word' id='word_1_454' title='bbox 456 2216 481 2247; x_wconf 73' lang='grc' dir='ltr'>ις)</span> <span class='ocrx_word' id='word_1_455' title='bbox 502 2218 549 2241; x_wconf 80' lang='lat' dir='ltr'>viri</span> <span class='ocrx_word' id='word_1_456' title='bbox 568 2218 611 2241; x_wconf 80' lang='lat' dir='ltr'>isti</span> <span class='ocrx_word' id='word_1_457' title='bbox 630 2218 658 2242; x_wconf 77' lang='lat' dir='ltr'>C.</span> <span class='ocrx_word' id='word_1_458' title='bbox 742 2217 761 2248; x_wconf 63' lang='grc' dir='ltr'>ι)</span> <span class='ocrx_word' id='word_1_459' title='bbox 780 2222 806 2242; x_wconf 84' lang='lat' dir='ltr'>et</span> <span class='ocrx_word' id='word_1_460' title='bbox 825 2219 859 2242; x_wconf 84' lang='lat' dir='ltr'>ad</span> <span class='ocrx_word' id='word_1_461' title='bbox 877 2220 906 2243; x_wconf 82' lang='lat' dir='ltr'>C.</span> <span class='ocrx_word' id='word_1_462' title='bbox 998 2222 1030 2250; x_wconf 79' lang='lat' dir='ltr'>m)</span> <span class='ocrx_word' id='word_1_463' title='bbox 1050 2223 1158 2251; x_wconf 81' lang='lat' dir='ltr'>accepta</span> <span class='ocrx_word' id='word_1_464' title='bbox 1176 2220 1253 2244; x_wconf 79' lang='lat' dir='ltr'>Sirm.</span> <span class='ocrx_word' id='word_1_465' title='bbox 1348 2222 1372 2250; x_wconf 75' lang='grc'>11)</span> <span class='ocrx_word' id='word_1_466' title='bbox 1390 2219 1461 2244; x_wconf 76' lang='lat' dir='ltr'>Fehzt</span> <span class='ocrx_word' id='word_1_467' title='bbox 1479 2219 1512 2243; x_wconf 91' lang='lat' dir='ltr'>D.</span> <span class='ocrx_word' id='word_1_468' title='bbox 1604 2221 1627 2249; x_wconf 91' lang='lat'>⁰)</span> <span class='ocrx_word' id='word_1_469' title='bbox 1646 2219 1745 2244; x_wconf 87' lang='lat' dir='ltr'>nodum</span> <span class='ocrx_word' id='word_1_470' title='bbox 1764 2219 1794 2243; x_wconf 83' lang='lat' dir='ltr'>C.</span> <span class='ocrx_word' id='word_1_471' title='bbox 1887 2221 1911 2249; x_wconf 74' lang='lat' dir='ltr'>D)</span> <span class='ocrx_word' id='word_1_472' title='bbox 1929 2218 1980 2243; x_wconf 75' lang='lat' dir='ltr'>Von</span> <span class='ocrx_word' id='word_1_473' title='bbox 1997 2218 2100 2250; x_wconf 76' lang='lat' dir='ltr'>yleicher</span> 
     </span>
     <span class='ocr_line' id='line_1_40' title="bbox 454 2261 2099 2295; baseline 0.002 -11"><span class='ocrx_word' id='word_1_474' title='bbox 454 2261 533 2285; x_wconf 79' lang='lat' dir='ltr'>Hand</span> <span class='ocrx_word' id='word_1_475' title='bbox 549 2261 708 2292; x_wconf 36' lang='lat' dir='ltr'>&#39;ziberyeschrs</span> <span class='ocrx_word' id='word_1_476' title='bbox 725 2264 847 2293; x_wconf 69' lang='lat' dir='ltr'>canonice</span> <span class='ocrx_word' id='word_1_477' title='bbox 869 2263 901 2287; x_wconf 90' lang='lat' dir='ltr'>D.</span> <span class='ocrx_word' id='word_1_478' title='bbox 1002 2266 1026 2294; x_wconf 63' lang='grc' dir='ltr'>ι1)</span> <span class='ocrx_word' id='word_1_479' title='bbox 1045 2266 1168 2295; x_wconf 84' lang='lat' dir='ltr'>quonjam</span> <span class='ocrx_word' id='word_1_480' title='bbox 1183 2279 1212 2282; x_wconf 96' lang='lat'><strong>—</strong></span> <span class='ocrx_word' id='word_1_481' title='bbox 1222 2264 1331 2288; x_wconf 83' lang='lat' dir='ltr'>collecta</span> <span class='ocrx_word' id='word_1_482' title='bbox 1345 2265 1436 2295; x_wconf 74' lang='lat' dir='ltr'>(umen</span> <span class='ocrx_word' id='word_1_483' title='bbox 1446 2263 1475 2288; x_wconf 89' lang='lat' dir='ltr'>Z.</span> <span class='ocrx_word' id='word_1_484' title='bbox 1487 2265 1535 2294; x_wconf 85' lang='lat'>22)</span> <span class='ocrx_word' id='word_1_485' title='bbox 1553 2263 1625 2294; x_wconf 56' lang='lat' dir='ltr'>semu</span> <span class='ocrx_word' id='word_1_486' title='bbox 1636 2266 1693 2287; x_wconf 70' lang='lat' dir='ltr'>stan</span> <span class='ocrx_word' id='word_1_487' title='bbox 1708 2264 1806 2288; x_wconf 65' lang='lat' dir='ltr'>dassen:</span> <span class='ocrx_word' id='word_1_488' title='bbox 1818 2264 1845 2287; x_wconf 85' lang='lat' dir='ltr'>in</span> <span class='ocrx_word' id='word_1_489' title='bbox 1857 2263 1948 2287; x_wconf 85' lang='lat' dir='ltr'>sinodo</span> <span class='ocrx_word' id='word_1_490' title='bbox 1960 2264 2099 2287; x_wconf 83' lang='lat' dir='ltr'>recitatum</span> 
     </span>
     <span class='ocr_line' id='line_1_41' title="bbox 454 2300 2211 2340; baseline 0.002 -12"><span class='ocrx_word' id='word_1_491' title='bbox 454 2309 481 2329; x_wconf 85' lang='lat' dir='ltr'>et</span> <span class='ocrx_word' id='word_1_492' title='bbox 499 2309 664 2336; x_wconf 67' lang='lat' dir='ltr'>acceptatum</span> <span class='ocrx_word' id='word_1_493' title='bbox 682 2310 708 2329; x_wconf 53' lang='lat' dir='ltr'>et«</span> <span class='ocrx_word' id='word_1_494' title='bbox 726 2306 818 2330; x_wconf 77' lang='lat' dir='ltr'>fitteris</span> <span class='ocrx_word' id='word_1_495' title='bbox 831 2308 1042 2331; x_wconf 73' lang='lat' dir='ltr'>commendatum</span> <span class='ocrx_word' id='word_1_496' title='bbox 1058 2309 1090 2333; x_wconf 90' lang='lat' dir='ltr'>D.</span> <span class='ocrx_word' id='word_1_497' title='bbox 1176 2311 1197 2339; x_wconf 81' lang='grc' dir='ltr'>Ι“)</span> <span class='ocrx_word' id='word_1_498' title='bbox 1216 2309 1332 2340; x_wconf 79' lang='lat' dir='ltr'>pusillita</span> <span class='ocrx_word' id='word_1_499' title='bbox 1344 2309 1374 2333; x_wconf 82' lang='lat' dir='ltr'>O.</span> <span class='ocrx_word' id='word_1_500' title='bbox 1460 2310 1481 2338; x_wconf 70' lang='lat' dir='ltr'>S)</span> <span class='ocrx_word' id='word_1_501' title='bbox 1500 2316 1605 2339; x_wconf 81' lang='lat' dir='ltr'>suggere</span> <span class='ocrx_word' id='word_1_502' title='bbox 1617 2308 1647 2332; x_wconf 81' lang='grc' dir='ltr'>Ο.</span> <span class='ocrx_word' id='word_1_503' title='bbox 1733 2307 1752 2338; x_wconf 85' lang='lat' dir='ltr'>t)</span> <span class='ocrx_word' id='word_1_504' title='bbox 1770 2310 1797 2332; x_wconf 85' lang='lat' dir='ltr'>et</span> <span class='ocrx_word' id='word_1_505' title='bbox 1810 2322 1840 2326; x_wconf 98' lang='lat'><strong>—</strong></span> <span class='ocrx_word' id='word_1_506' title='bbox 1850 2310 1996 2338; x_wconf 77' lang='lat' dir='ltr'>acceptata,</span> <span class='ocrx_word' id='word_1_507' title='bbox 2015 2310 2101 2331; x_wconf 82' lang='lat' dir='ltr'>trans·</span> <span class='ocrx_word' id='word_1_508' title='bbox 2189 2300 2192 2340; x_wconf 50' lang='lat' dir='ltr'><strong>Q</strong></span> <span class='ocrx_word' id='word_1_509' title='bbox 2206 2315 2211 2332; x_wconf 64' lang='lat' dir='ltr'><em>z</em></span> 
     </span>
     <span class='ocr_line' id='line_1_42' title="bbox 454 2340 2213 2392; baseline 0.002 -20"><span class='ocrx_word' id='word_1_510' title='bbox 454 2351 581 2373; x_wconf 78' lang='lat' dir='ltr'>mitteret.</span> <span class='ocrx_word' id='word_1_511' title='bbox 600 2350 634 2374; x_wconf 81' lang='lat' dir='ltr'>Et</span> <span class='ocrx_word' id='word_1_512' title='bbox 653 2358 699 2374; x_wconf 69' lang='lat' dir='ltr'>von</span> <span class='ocrx_word' id='word_1_513' title='bbox 716 2350 814 2381; x_wconf 68' lang='lat' dir='ltr'>qleichz.</span> <span class='ocrx_word' id='word_1_514' title='bbox 833 2351 911 2375; x_wconf 74' lang='lat' dir='ltr'>Hand</span> <span class='ocrx_word' id='word_1_515' title='bbox 927 2360 951 2375; x_wconf 83' lang='grc' dir='ltr'>α.</span> <span class='ocrx_word' id='word_1_516' title='bbox 964 2352 995 2376; x_wconf 79' lang='lat' dir='ltr'>R.</span> <span class='ocrx_word' id='word_1_517' title='bbox 1009 2352 1038 2376; x_wconf 83' lang='lat'>0.</span> <span class='ocrx_word' id='word_1_518' title='bbox 1106 2378 1109 2380; x_wconf 82' lang='grc'>,</span> <span class='ocrx_word' id='word_1_519' title='bbox 1131 2356 1155 2383; x_wconf 83' lang='lat' dir='ltr'>u)</span> <span class='ocrx_word' id='word_1_520' title='bbox 1173 2353 1244 2377; x_wconf 76' lang='lat' dir='ltr'>Fehzt</span> <span class='ocrx_word' id='word_1_521' title='bbox 1255 2353 1285 2377; x_wconf 81' lang='grc' dir='ltr'>Ο.</span> <span class='ocrx_word' id='word_1_522' title='bbox 1371 2355 1396 2383; x_wconf 77' lang='lat' dir='ltr'>v)</span> <span class='ocrx_word' id='word_1_523' title='bbox 1414 2353 1504 2377; x_wconf 78' lang='lat' dir='ltr'>curavi</span> <span class='ocrx_word' id='word_1_524' title='bbox 1516 2353 1549 2377; x_wconf 94' lang='lat' dir='ltr'>D.</span> <span class='ocrx_word' id='word_1_525' title='bbox 1636 2354 1664 2382; x_wconf 79' lang='lat' dir='ltr'>W)</span> <span class='ocrx_word' id='word_1_526' title='bbox 1681 2352 1752 2376; x_wconf 77' lang='lat' dir='ltr'>Fehlt</span> <span class='ocrx_word' id='word_1_527' title='bbox 1768 2352 1801 2377; x_wconf 87' lang='lat' dir='ltr'>D.</span> <span class='ocrx_word' id='word_1_528' title='bbox 1905 2354 1931 2382; x_wconf 68' lang='lat' dir='ltr'>x)</span> <span class='ocrx_word' id='word_1_529' title='bbox 1950 2352 2030 2376; x_wconf 86' lang='lat' dir='ltr'>nichil</span> <span class='ocrx_word' id='word_1_530' title='bbox 2048 2351 2101 2375; x_wconf 80' lang='lat' dir='ltr'>hier</span> <span class='ocrx_word' id='word_1_531' title='bbox 2125 2353 2152 2373; x_wconf 82' lang='grc'>40</span> <span class='ocrx_word' id='word_1_532' title='bbox 2190 2340 2213 2392; x_wconf 46' lang='grc' dir='ltr'>’,ἦ</span> 
     </span>
     <span class='ocr_line' id='line_1_43' title="bbox 454 2393 2210 2428; baseline 0.002 -12"><span class='ocrx_word' id='word_1_533' title='bbox 454 2394 577 2424; x_wconf 65' lang='grc' dir='ltr'>εἱηᾳεΙιῚρι</span> <span class='ocrx_word' id='word_1_534' title='bbox 595 2394 628 2418; x_wconf 91' lang='lat' dir='ltr'>D.</span> <span class='ocrx_word' id='word_1_535' title='bbox 720 2397 745 2424; x_wconf 71' lang='lat' dir='ltr'>y)</span> <span class='ocrx_word' id='word_1_536' title='bbox 764 2393 913 2425; x_wconf 72' lang='lat' dir='ltr'>eccalastice</span> <span class='ocrx_word' id='word_1_537' title='bbox 933 2396 962 2419; x_wconf 82' lang='lat' dir='ltr'>C.</span> <span class='ocrx_word' id='word_1_538' title='bbox 1057 2399 1079 2426; x_wconf 91' lang='lat' dir='ltr'>Z)</span> <span class='ocrx_word' id='word_1_539' title='bbox 1097 2397 1168 2421; x_wconf 33' lang='lat' dir='ltr'>Fehflt</span> <span class='ocrx_word' id='word_1_540' title='bbox 1186 2397 1219 2421; x_wconf 91' lang='lat' dir='ltr'>D.</span> <span class='ocrx_word' id='word_1_541' title='bbox 1313 2399 1336 2428; x_wconf 66' lang='grc' dir='ltr'>θ)</span> <span class='ocrx_word' id='word_1_542' title='bbox 1356 2397 1445 2422; x_wconf 81' lang='lat' dir='ltr'>studui</span> <span class='ocrx_word' id='word_1_543' title='bbox 1470 2400 1497 2421; x_wconf 87' lang='lat' dir='ltr'>et</span> <span class='ocrx_word' id='word_1_544' title='bbox 1516 2397 1629 2421; x_wconf 84' lang='lat' dir='ltr'>breviter</span> <span class='ocrx_word' id='word_1_545' title='bbox 1648 2396 1783 2420; x_wconf 85' lang='lat' dir='ltr'>adnotare.</span> <span class='ocrx_word' id='word_1_546' title='bbox 1802 2396 1834 2420; x_wconf 92' lang='lat' dir='ltr'>D.</span> <span class='ocrx_word' id='word_1_547' title='bbox 1932 2395 1956 2427; x_wconf 61' lang='grc' dir='ltr'>ι3)</span> <span class='ocrx_word' id='word_1_548' title='bbox 1970 2395 2002 2420; x_wconf 83' lang='grc' dir='ltr'>Α.</span> <span class='ocrx_word' id='word_1_549' title='bbox 2016 2396 2047 2420; x_wconf 85' lang='lat' dir='ltr'>R.</span> <span class='ocrx_word' id='word_1_550' title='bbox 2065 2399 2102 2420; x_wconf 83' lang='lat' dir='ltr'>rot</span> <span class='ocrx_word' id='word_1_551' title='bbox 2188 2393 2210 2426; x_wconf 71' lang='grc' dir='ltr'>,ῥ’</span> 
     </span>
     <span class='ocr_line' id='line_1_44' title="bbox 455 2437 2100 2473; baseline 0.002 -12"><span class='ocrx_word' id='word_1_552' title='bbox 455 2446 501 2461; x_wconf 73' lang='lat' dir='ltr'>von</span> <span class='ocrx_word' id='word_1_553' title='bbox 514 2438 573 2462; x_wconf 75' lang='lat' dir='ltr'>and.</span> <span class='ocrx_word' id='word_1_554' title='bbox 587 2438 678 2462; x_wconf 80' lang='lat' dir='ltr'>Hand:</span> <span class='ocrx_word' id='word_1_555' title='bbox 691 2446 748 2469; x_wconf 84' lang='lat' dir='ltr'>cap.</span> <span class='ocrx_word' id='word_1_556' title='bbox 762 2438 784 2462; x_wconf 93' lang='lat' dir='ltr'>I.</span> <span class='ocrx_word' id='word_1_557' title='bbox 798 2439 837 2462; x_wconf 85' lang='lat' dir='ltr'>De</span> <span class='ocrx_word' id='word_1_558' title='bbox 850 2440 939 2463; x_wconf 77' lang='lat' dir='ltr'>ordine</span> <span class='ocrx_word' id='word_1_559' title='bbox 953 2440 1041 2464; x_wconf 84' lang='lat' dir='ltr'>iudicii</span> <span class='ocrx_word' id='word_1_560' title='bbox 1056 2441 1091 2468; x_wconf 85' lang='lat' dir='ltr'>B,·</span> <span class='ocrx_word' id='word_1_561' title='bbox 1108 2437 1271 2472; x_wconf 72' lang='lat' dir='ltr'>Uberschrift:</span> <span class='ocrx_word' id='word_1_562' title='bbox 1285 2441 1382 2473; x_wconf 71' lang='lat' dir='ltr'>Incipit</span> <span class='ocrx_word' id='word_1_563' title='bbox 1403 2442 1440 2466; x_wconf 87' lang='lat' dir='ltr'>rei</span> <span class='ocrx_word' id='word_1_564' title='bbox 1453 2444 1523 2473; x_wconf 72' lang='lat' dir='ltr'>geste</span> <span class='ocrx_word' id='word_1_565' title='bbox 1537 2441 1659 2466; x_wconf 80' lang='lat' dir='ltr'>diffinitio</span> <span class='ocrx_word' id='word_1_566' title='bbox 1681 2444 1708 2465; x_wconf 87' lang='lat' dir='ltr'>et</span> <span class='ocrx_word' id='word_1_567' title='bbox 1721 2441 1846 2465; x_wconf 84' lang='lat' dir='ltr'>iudicium</span> <span class='ocrx_word' id='word_1_568' title='bbox 1859 2441 1893 2465; x_wconf 91' lang='lat' dir='ltr'><em>D.</em></span> <span class='ocrx_word' id='word_1_569' title='bbox 1994 2442 2017 2470; x_wconf 73' lang='lat'>0)</span> <span class='ocrx_word' id='word_1_570' title='bbox 2034 2439 2100 2464; x_wconf 81' lang='lat' dir='ltr'>Verb.</span> 
     </span>
     <span class='ocr_line' id='line_1_45' title="bbox 455 2481 1146 2514; baseline 0.006 -9"><span class='ocrx_word' id='word_1_571' title='bbox 455 2485 512 2505; x_wconf 69' lang='lat' dir='ltr'>stati</span> <span class='ocrx_word' id='word_1_572' title='bbox 528 2486 587 2506; x_wconf 86' lang='lat' dir='ltr'>sunt</span> <span class='ocrx_word' id='word_1_573' title='bbox 605 2482 637 2506; x_wconf 88' lang='lat' dir='ltr'><em>D.</em></span> <span class='ocrx_word' id='word_1_574' title='bbox 724 2481 748 2512; x_wconf 65' lang='lat'>⁶)</span> <span class='ocrx_word' id='word_1_575' title='bbox 765 2483 857 2513; x_wconf 81' lang='lat' dir='ltr'>aliquis</span> <span class='ocrx_word' id='word_1_576' title='bbox 876 2484 906 2507; x_wconf 85' lang='lat' dir='ltr'>B.</span> <span class='ocrx_word' id='word_1_577' title='bbox 997 2486 1020 2514; x_wconf 71' lang='lat' dir='ltr'>e)</span> <span class='ocrx_word' id='word_1_578' title='bbox 1037 2488 1095 2509; x_wconf 82' lang='lat' dir='ltr'>sunt</span> <span class='ocrx_word' id='word_1_579' title='bbox 1114 2485 1146 2509; x_wconf 92' lang='lat' dir='ltr'><em>D.</em></span> 
     </span>
    </p>
   </div>
   <div class='ocr_carea' id='block_1_6' title="bbox 2185 0 2220 2215">
    <p class='ocr_par' dir='ltr' id='par_1_9' title="bbox 2185 0 2220 2215">
     <span class='ocr_line' id='line_1_46' title="bbox 2185 0 2220 2215; baseline 0 0"><span class='ocrx_word' id='word_1_580' title='bbox 2185 0 2220 2215; x_wconf 95' lang='lat' dir='ltr'> </span> 
     </span>
    </p>
   </div>
   <div class='ocr_carea' id='block_1_7' title="bbox 454 2569 2152 2827">
    <p class='ocr_par' dir='ltr' id='par_1_10' title="bbox 454 2569 2152 2827">
     <span class='ocr_line' id='line_1_47' title="bbox 548 2569 2098 2606; baseline 0.001 -11"><span class='ocrx_word' id='word_1_581' title='bbox 548 2571 573 2598; x_wconf 89' lang='lat' dir='ltr'>l)</span> <span class='ocrx_word' id='word_1_582' title='bbox 587 2569 643 2602; x_wconf 65' lang='lat' dir='ltr'><em>Vyl.</em></span> <span class='ocrx_word' id='word_1_583' title='bbox 669 2570 736 2595; x_wconf 73' lang='lat' dir='ltr'>auch</span> <span class='ocrx_word' id='word_1_584' title='bbox 761 2573 843 2595; x_wconf 73' lang='lat' dir='ltr'>umen</span> <span class='ocrx_word' id='word_1_585' title='bbox 867 2571 895 2596; x_wconf 82' lang='lat' dir='ltr'>S.</span> <span class='ocrx_word' id='word_1_586' title='bbox 909 2571 961 2596; x_wconf 82' lang='lat'>106</span> <span class='ocrx_word' id='word_1_587' title='bbox 984 2571 1014 2596; x_wconf 90' lang='grc' dir='ltr'>Ζ.</span> <span class='ocrx_word' id='word_1_588' title='bbox 1029 2572 1077 2601; x_wconf 72' lang='lat'>¹27,-</span> <span class='ocrx_word' id='word_1_589' title='bbox 1103 2572 1131 2597; x_wconf 76' lang='lat' dir='ltr'>S.</span> <span class='ocrx_word' id='word_1_590' title='bbox 1147 2573 1198 2598; x_wconf 83' lang='lat'>107</span> <span class='ocrx_word' id='word_1_591' title='bbox 1220 2573 1250 2598; x_wconf 89' lang='grc' dir='ltr'>Ζ.</span> <span class='ocrx_word' id='word_1_592' title='bbox 1264 2574 1289 2599; x_wconf 84' lang='grc'>6.</span> <span class='ocrx_word' id='word_1_593' title='bbox 1390 2574 1417 2605; x_wconf 82' lang='grc'>2)</span> <span class='ocrx_word' id='word_1_594' title='bbox 1438 2573 1494 2606; x_wconf 75' lang='lat' dir='ltr'><em>Vql.</em></span> <span class='ocrx_word' id='word_1_595' title='bbox 1519 2573 1588 2599; x_wconf 75' lang='lat' dir='ltr'>auch</span> <span class='ocrx_word' id='word_1_596' title='bbox 1612 2573 1760 2603; x_wconf 76' lang='lat' dir='ltr'>Hinknmr,</span> <span class='ocrx_word' id='word_1_597' title='bbox 1784 2573 1825 2598; x_wconf 80' lang='lat' dir='ltr'>De</span> <span class='ocrx_word' id='word_1_598' title='bbox 1847 2573 1941 2598; x_wconf 76' lang='lat' dir='ltr'>divort.</span> <span class='ocrx_word' id='word_1_599' title='bbox 1966 2573 2057 2598; x_wconf 74' lang='lat' dir='ltr'>interr.</span> <span class='ocrx_word' id='word_1_600' title='bbox 2073 2573 2098 2602; x_wconf 84' lang='lat'>5,</span> 
     </span>
     <span class='ocr_line' id='line_1_48' title="bbox 456 2613 2152 2651; baseline 0.002 -13"><span class='ocrx_word' id='word_1_601' title='bbox 456 2613 552 2646; x_wconf 67' lang='lat' dir='ltr'>Miqne</span> <span class='ocrx_word' id='word_1_602' title='bbox 566 2614 627 2641; x_wconf 65' lang='lat'><em>1⁴25.</em></span> <span class='ocrx_word' id='word_1_603' title='bbox 643 2614 694 2639; x_wconf 82' lang='lat'>653</span> <span class='ocrx_word' id='word_1_604' title='bbox 710 2614 743 2639; x_wconf 91' lang='lat' dir='ltr'>D.</span> <span class='ocrx_word' id='word_1_605' title='bbox 768 2615 820 2639; x_wconf 77' lang='lat'>655</span> <span class='ocrx_word' id='word_1_606' title='bbox 835 2614 857 2639; x_wconf 76' lang='lat' dir='ltr'><strong><em>C</em></strong></span> <span class='ocrx_word' id='word_1_607' title='bbox 877 2615 955 2640; x_wconf 75' lang='lat' dir='ltr'>sowie</span> <span class='ocrx_word' id='word_1_608' title='bbox 970 2616 1078 2648; x_wconf 68' lang='lat' dir='ltr'>Syvode</span> <span class='ocrx_word' id='word_1_609' title='bbox 1097 2625 1146 2641; x_wconf 71' lang='lat' dir='ltr'>von</span> <span class='ocrx_word' id='word_1_610' title='bbox 1161 2617 1280 2643; x_wconf 79' lang='lat' dir='ltr'>I&#39;erberie</span> <span class='ocrx_word' id='word_1_611' title='bbox 1303 2618 1398 2651; x_wconf 75' lang='lat'>(353),</span> <span class='ocrx_word' id='word_1_612' title='bbox 1412 2617 1476 2643; x_wconf 70' lang='grc' dir='ltr'>ΜΟ.</span> <span class='ocrx_word' id='word_1_613' title='bbox 1490 2617 1581 2651; x_wconf 72' lang='lat' dir='ltr'>Capit.</span> <span class='ocrx_word' id='word_1_614' title='bbox 1595 2617 1638 2647; x_wconf 87' lang='lat' dir='ltr'>II,</span> <span class='ocrx_word' id='word_1_615' title='bbox 1652 2617 1704 2643; x_wconf 74' lang='lat'>4:22</span> <span class='ocrx_word' id='word_1_616' title='bbox 1720 2617 1751 2642; x_wconf 94' lang='lat' dir='ltr'>Z.</span> <span class='ocrx_word' id='word_1_617' title='bbox 1771 2617 1844 2650; x_wconf 78' lang='lat' dir='ltr'><em>32f.,·</em></span> <span class='ocrx_word' id='word_1_618' title='bbox 1861 2620 1962 2650; x_wconf 87' lang='lat' dir='ltr'>sponte</span> <span class='ocrx_word' id='word_1_619' title='bbox 1982 2616 2100 2643; x_wconf 79' lang='lat' dir='ltr'>confessi</span> <span class='ocrx_word' id='word_1_620' title='bbox 2125 2617 2152 2638; x_wconf 78' lang='lat'>45</span> 
     </span>
     <span class='ocr_line' id='line_1_49' title="bbox 454 2658 2097 2695; baseline 0.002 -13"><span class='ocrx_word' id='word_1_621' title='bbox 454 2658 523 2683; x_wconf 74' lang='lat' dir='ltr'>auch</span> <span class='ocrx_word' id='word_1_622' title='bbox 544 2658 572 2683; x_wconf 84' lang='lat' dir='ltr'>in</span> <span class='ocrx_word' id='word_1_623' title='bbox 590 2658 647 2683; x_wconf 71' lang='grc' dir='ltr'><em>(Ιρηι</em></span> <span class='ocrx_word' id='word_1_624' title='bbox 667 2658 725 2683; x_wconf 64' lang='lat' dir='ltr'>hier</span> <span class='ocrx_word' id='word_1_625' title='bbox 740 2659 859 2684; x_wconf 67' lang='lat' dir='ltr'>ziri‘erten</span> <span class='ocrx_word' id='word_1_626' title='bbox 872 2658 1011 2684; x_wconf 31' lang='lat' dir='ltr'>Sclzfreiben</span> <span class='ocrx_word' id='word_1_627' title='bbox 1031 2660 1141 2692; x_wconf 69' lang='lat' dir='ltr'>Greyors</span> <span class='ocrx_word' id='word_1_628' title='bbox 1158 2661 1192 2691; x_wconf 75' lang='lat' dir='ltr'>L,</span> <span class='ocrx_word' id='word_1_629' title='bbox 1210 2662 1274 2687; x_wconf 75' lang='lat' dir='ltr'><em>MG.</em></span> <span class='ocrx_word' id='word_1_630' title='bbox 1289 2662 1376 2695; x_wconf 74' lang='lat' dir='ltr'>Epist.</span> <span class='ocrx_word' id='word_1_631' title='bbox 1395 2662 1438 2691; x_wconf 87' lang='lat' dir='ltr'>II,</span> <span class='ocrx_word' id='word_1_632' title='bbox 1456 2662 1506 2687; x_wconf 76' lang='grc'>411</span> <span class='ocrx_word' id='word_1_633' title='bbox 1522 2662 1553 2687; x_wconf 88' lang='grc' dir='ltr'>Ζ.</span> <span class='ocrx_word' id='word_1_634' title='bbox 1567 2662 1581 2687; x_wconf 93' lang='grc'>1</span> <span class='ocrx_word' id='word_1_635' title='bbox 1608 2661 1700 2695; x_wconf 83' lang='lat' dir='ltr'><em>(J.-E.</em></span> <span class='ocrx_word' id='word_1_636' title='bbox 1714 2661 1811 2694; x_wconf 82' lang='lat'><em>1912).</em></span> <span class='ocrx_word' id='word_1_637' title='bbox 1913 2661 1940 2693; x_wconf 90' lang='lat'>3)</span> <span class='ocrx_word' id='word_1_638' title='bbox 1958 2661 2026 2687; x_wconf 82' lang='lat' dir='ltr'>Hier</span> <span class='ocrx_word' id='word_1_639' title='bbox 2049 2660 2097 2686; x_wconf 79' lang='lat' dir='ltr'>wie</span> 
     </span>
     <span class='ocr_line' id='line_1_50' title="bbox 455 2702 2099 2740; baseline 0.002 -13"><span class='ocrx_word' id='word_1_640' title='bbox 455 2705 535 2727; x_wconf 77' lang='lat' dir='ltr'>unlen</span> <span class='ocrx_word' id='word_1_641' title='bbox 561 2702 588 2727; x_wconf 81' lang='lat' dir='ltr'>S.</span> <span class='ocrx_word' id='word_1_642' title='bbox 602 2702 635 2727; x_wconf 78' lang='lat'>91</span> <span class='ocrx_word' id='word_1_643' title='bbox 658 2702 736 2727; x_wconf 53' lang='lat'>2:22</span> <span class='ocrx_word' id='word_1_644' title='bbox 761 2702 825 2727; x_wconf 68' lang='lat' dir='ltr'>wird</span> <span class='ocrx_word' id='word_1_645' title='bbox 847 2703 1028 2728; x_wconf 75' lang='lat' dir='ltr'>anscheinend</span> <span class='ocrx_word' id='word_1_646' title='bbox 1051 2704 1144 2729; x_wconf 65' lang='lat' dir='ltr'>bereits</span> <span class='ocrx_word' id='word_1_647' title='bbox 1168 2705 1217 2737; x_wconf 75' lang='lat' dir='ltr'>auf</span> <span class='ocrx_word' id='word_1_648' title='bbox 1241 2706 1292 2731; x_wconf 75' lang='lat' dir='ltr'>(len</span> <span class='ocrx_word' id='word_1_649' title='bbox 1317 2708 1407 2739; x_wconf 69' lang='lat' dir='ltr'>spciter</span> <span class='ocrx_word' id='word_1_650' title='bbox 1435 2706 1471 2739; x_wconf 75' lang='lat' dir='ltr'>(s.</span> <span class='ocrx_word' id='word_1_651' title='bbox 1491 2709 1571 2732; x_wconf 70' lang='lat' dir='ltr'>meten</span> <span class='ocrx_word' id='word_1_652' title='bbox 1599 2706 1628 2732; x_wconf 85' lang='lat' dir='ltr'>S.</span> <span class='ocrx_word' id='word_1_653' title='bbox 1641 2706 1676 2732; x_wconf 70' lang='lat'>972</span> <span class='ocrx_word' id='word_1_654' title='bbox 1693 2706 1807 2740; x_wconf 61' lang='lat' dir='ltr'><em>Zdff.)</em></span> <span class='ocrx_word' id='word_1_655' title='bbox 1835 2706 1874 2731; x_wconf 78' lang='lat' dir='ltr'>im</span> <span class='ocrx_word' id='word_1_656' title='bbox 1897 2705 2026 2731; x_wconf 75' lang='lat' dir='ltr'>Wortlaut</span> <span class='ocrx_word' id='word_1_657' title='bbox 2050 2713 2099 2730; x_wconf 77' lang='grc' dir='ltr'><em>(ιη-</em></span> 
     </span>
     <span class='ocr_line' id='line_1_51' title="bbox 455 2746 2100 2783; baseline 0.001 -12"><span class='ocrx_word' id='word_1_658' title='bbox 455 2746 591 2778; x_wconf 73' lang='lat' dir='ltr'>qelithrlen</span> <span class='ocrx_word' id='word_1_659' title='bbox 614 2746 689 2778; x_wconf 72' lang='lat' dir='ltr'>Bries</span> <span class='ocrx_word' id='word_1_660' title='bbox 708 2746 774 2772; x_wconf 75' lang='lat' dir='ltr'>Lcos</span> <span class='ocrx_word' id='word_1_661' title='bbox 793 2747 817 2771; x_wconf 92' lang='lat' dir='ltr'>I.</span> <span class='ocrx_word' id='word_1_662' title='bbox 850 2747 938 2779; x_wconf 68' lang='lat' dir='ltr'>Beznq</span> <span class='ocrx_word' id='word_1_663' title='bbox 963 2756 1126 2779; x_wconf 67' lang='lat' dir='ltr'>yenowlvumz,</span> <span class='ocrx_word' id='word_1_664' title='bbox 1150 2749 1242 2774; x_wconf 69' lang='lat' dir='ltr'>dessen</span> <span class='ocrx_word' id='word_1_665' title='bbox 1266 2750 1474 2783; x_wconf 62' lang='lat' dir='ltr'>Hermzziehzmq</span> <span class='ocrx_word' id='word_1_666' title='bbox 1490 2750 1602 2776; x_wconf 58' lang='lat' dir='ltr'>Schrissrs</span> <span class='ocrx_word' id='word_1_667' title='bbox 1623 2750 1651 2776; x_wconf 84' lang='lat' dir='ltr'>S.</span> <span class='ocrx_word' id='word_1_668' title='bbox 1665 2750 1718 2776; x_wconf 73' lang='grc'>220</span> <span class='ocrx_word' id='word_1_669' title='bbox 1739 2750 1774 2776; x_wconf 85' lang='grc' dir='ltr'>Α.</span> <span class='ocrx_word' id='word_1_670' title='bbox 1789 2750 1820 2775; x_wconf 88' lang='lat'>71</span> <span class='ocrx_word' id='word_1_671' title='bbox 1844 2750 1893 2775; x_wconf 82' lang='lat' dir='ltr'>mit</span> <span class='ocrx_word' id='word_1_672' title='bbox 1917 2749 1999 2775; x_wconf 78' lang='lat' dir='ltr'>Recht</span> <span class='ocrx_word' id='word_1_673' title='bbox 2021 2749 2100 2779; x_wconf 73' lang='lat' dir='ltr'>„sehr</span> 
     </span>
     <span class='ocr_line' id='line_1_52' title="bbox 456 2790 1599 2827; baseline 0.004 -12"><span class='ocrx_word' id='word_1_674' title='bbox 456 2790 582 2822; x_wconf 52' lang='lat' dir='ltr'>ret-fehlt*</span> <span class='ocrx_word' id='word_1_675' title='bbox 606 2793 695 2815; x_wconf 68' lang='lat' dir='ltr'>neunt.</span> <span class='ocrx_word' id='word_1_676' title='bbox 782 2792 809 2821; x_wconf 78' lang='lat'>4)</span> <span class='ocrx_word' id='word_1_677' title='bbox 830 2791 891 2823; x_wconf 69' lang='lat' dir='ltr'><em>Rey.</em></span> <span class='ocrx_word' id='word_1_678' title='bbox 911 2791 1001 2821; x_wconf 70' lang='lat' dir='ltr'><em>XIII,</em></span> <span class='ocrx_word' id='word_1_679' title='bbox 1019 2792 1063 2818; x_wconf 66' lang='grc'>47,</span> <span class='ocrx_word' id='word_1_680' title='bbox 1082 2791 1136 2817; x_wconf 57' lang='grc' dir='ltr'>ΜΕ</span> <span class='ocrx_word' id='word_1_681' title='bbox 1154 2793 1241 2825; x_wconf 73' lang='lat' dir='ltr'>Epist.</span> <span class='ocrx_word' id='word_1_682' title='bbox 1262 2794 1304 2821; x_wconf 84' lang='lat' dir='ltr'>II.</span> <span class='ocrx_word' id='word_1_683' title='bbox 1324 2794 1374 2819; x_wconf 69' lang='lat'>411</span> <span class='ocrx_word' id='word_1_684' title='bbox 1396 2794 1488 2826; x_wconf 46' lang='lat' dir='ltr'><em>(LE.</em></span> <span class='ocrx_word' id='word_1_685' title='bbox 1503 2795 1599 2827; x_wconf 72' lang='lat'><em>1912).</em></span> 
     </span>
    </p>
   </div>
   <div class='ocr_carea' id='block_1_8' title="bbox 2199 2430 2210 2746">
    <p class='ocr_par' dir='ltr' id='par_1_11' title="bbox 2199 2430 2210 2746">
     <span class='ocr_line' id='line_1_53' title="bbox 2199 2430 2210 2746; textangle 90"><span class='ocrx_word' id='word_1_686' title='bbox 2203 2726 2205 2746; x_wconf 62' lang='lat'>..</span> <span class='ocrx_word' id='word_1_687' title='bbox 2200 2542 2210 2700; x_wconf 33' lang='grc' dir='ltr'>--ἠῂμ</span> <span class='ocrx_word' id='word_1_688' title='bbox 2204 2508 2206 2512; x_wconf 94' lang='grc'>.</span> <span class='ocrx_word' id='word_1_689' title='bbox 2199 2430 2209 2481; x_wconf 37' lang='grc' dir='ltr'>με,</span> 
     </span>
    </p>
   </div>
   <div class='ocr_carea' id='block_1_9' title="bbox 2190 2900 2205 3030">
    <p class='ocr_par' dir='ltr' id='par_1_12' title="bbox 2190 2900 2205 3030">
     <span class='ocr_line' id='line_1_54' title="bbox 2190 2900 2205 3030; textangle 90"><span class='ocrx_word' id='word_1_690' title='bbox 2190 3027 2192 3030; x_wconf 74' lang='grc'>’</span> <span class='ocrx_word' id='word_1_691' title='bbox 2197 2900 2205 2992; x_wconf 51' lang='grc' dir='ltr'>...ι-ι-.</span> 
     </span>
    </p>
   </div>
  </div>
 </body>
</html>
