2220 3192
445 199 486 228 78
1018 194 1205 222 HINKMAR
1225 194 1302 220 VON
1324 193 1444 219 REIMS
1466 193 1524 219 134.

342 292 415 322 360.
438 290 482 321 Et
498 289 614 321 beatus
631 288 772 319 Baedal:
796 290 878 315 Multi
893 288 975 314 hodie
993 287 1081 313 Iudae
1098 286 1197 316 5001115,
1214 285 1291 319 quod
1307 285 1456 311 dominum
1473 294 1506 311 ac
1522 285 1689 318 magistrum
1704 285 1853 318 Deumque
1868 293 1952 312 suum
1969 287 2088 319 pecunia

441 346 610 375 vendiderit,
630 345 708 370 volut
726 344 838 368 inmane
857 344 887 366 ot
904 340 1045 367 nefarium
1062 333 1216 365 exhorrent
1233 347 1285 364 nec
1303 341 1401 364 tamen
1421 340 1533 364 cavent.
1553 337 1628 364 Nam
1647 346 1713 364 cum
1731 346 1782 371 pro
1801 337 1966 365 muneribus
1984 338 2087 365 falsum

441 402 540 425 contra
557 397 712 431 quemlibet
727 394 924 420 testimonium
940 392 1050 422 dicunt,
1067 391 1195 425 profecto
1213 391 1280 424 quia
1296 391 1449 417 veritatem
1466 399 1517 424 pro
1534 391 1655 424 pecunia
1670 393 1786 424 negant,
1803 390 1953 417 dominum
1969 392 2088 425 pecunia

298 457 426 480 1011.14‚‹;.
441 451 577 477 vendunt.
601 450 664 482 Ipse
686 448 761 473 enini
783 447 870 472 dixit:
892 445 964 478 ‘Ego
985 454 1049 470 sum
1070 444 1196 470 veritas&
1219 443 1291 470 Cum
1312 444 1481 470 societatem
1501 443 1691 470 fraternitatis
1713 443 1810 477 aliqua
1831 443 1987 470 discordiae
2009 447 2088 478 peste

279 512 297 529 1.
312 510 361 530 [oh.
374 511 394 533 4,
406 510 426 528 5.
442 502 659 531 commaculant,
671 500 826 526 Dominum
840 498 975 532 produnt,
993 498 1060 531 quia
1073 497 1161 522 ‘Deus
1177 497 1281 523 caritas
1295 493 1364 527 est';
1381 497 1439 530 qui,
1453 497 1568 522 etiamsi
1582 496 1677 522 nullus
1691 497 1843 530 pecuniam
1857 497 1916 528 det,
1932 498 2088 524 Dominum

440 552 573 591 triginta
589 553 727 586 argenteis
743 551 882 581 vendunt,
899 551 965 584 quia
982 551 1117 584 principis
1134 550 1238 576 saeculi
1254 550 1418 583 imaginem,
1434 549 1465 575 id
1480 552 1526 575 est
1541 549 1698 583 exemploa
1714 549 1805 576 hostis
1822 550 1944 584 antiqui,
1960 550 2089 584 neglecta

440 607 592 635 conditoris
612 606 649 632 ad
670 614 755 638 quam
776 605 862 630 creati
882 606 951 630 sunt
969 604 1091 637 imagine
1111 606 1238 629 sumunt.
1260 599 1319 630 Ille
1338 599 1440 630 etiam
1461 599 1645 630 Dominum
1662 599 1789 637 vendit,
1813 599 1871 640 qui
1891 600 1961 631 eius
1978 611 2089 631 amore

438 669 474 689 ac
494 657 611 688 timore
632 654 777 695 neglecto
797 657 925 684 terrena
945 656 979 684 et
997 654 1131 690 caduca,
1152 653 1255 685 immo
1275 653 1378 684 etiam
1395 652 1583 689 criminosa,
1605 652 1680 693 plus
1698 663 1811 684 amare
1829 656 1863 684 et
1881 663 1995 684 curare
2013 664 2088 684 con-

439 710 592 741 vincitur.

530 762 614 793 Cum
630 761 707 791 haec
726 761 772 791 ita
790 771 823 790 se
837 759 993 796 habeant,
1012 770 1140 791 necesse
1157 762 1206 790 cst
1224 762 1257 790 et
1274 758 1499 790 ecclesiasticis
1515 762 1548 789 et
1566 758 1716 800 publicae
1733 759 1780 790 rei
1796 758 1970 797 iudicibus,
1989 762 2027 790 ut
2044 759 2090 790 ita

438 815 498 847 sub
516 814 619 845 oculis
637 813 770 855 superni
788 813 906 844 iudicis
923 813 958 844 in
974 823 1184 854 quacumque
1201 823 1301 844 causa
1319 815 1352 844 et
1369 812 1409 843 (10
1426 822 1637 853 quacumque
1655 822 1793 853 persona
1810 812 1989 844 decernant
2007 812 2090 844 iudi-

229 879 277 903 vgr
290 881 308 898 ι,
320 878 425 901 conae.
438 869 538 905 cium,
558 871 724 908 quatenus
744 877 809 897 non
830 865 872 897 sit
892 866 927 897 in
947 866 1063 897 eodem
1082 866 1201 897 iudicio
1220 865 1345 906 aliquid
1366 865 1520 897 fermenti
1542 864 1698 903 malitiae,
1718 864 1796 903 doli,
1816 865 2029 907 placiditatis,
2051 866 2090 897 51-

440 920 632 953 mulationis
650 920 718 951 sive
735 919 930 960 cupiditatis
946 919 999 950 vel
1018 929 1092 960 spes
1108 918 1285 950 cuiuslibet
1302 918 1544 960 adquisitionis,
1564 918 1619 949 sed
1637 922 1751 950 totum
1768 919 1875 950 azima
1895 918 2091 950 sinceritatis

438 978 471 1006 et
487 974 649 1010 veritatis,
669 973 700 1004 id
719 976 768 1003 est
787 972 948 1004 iudicium
966 972 1124 1009 iustitiae,
1142 972 1293 1013 aequitas
1309 971 1470 1009 veritatis,
1491 972 1619 1013 puritas
1635 971 1796 1009 veritatis,
1817 982 1868 1010 ne,
1886 972 1976 1013 quod
1992 971 2089 1009 absit,

440 1027 704 1060 maledictionem
723 1026 846 1057 iudices
865 1025 1084 1063 incurramus,
1103 1036 1188 1066 quae
1207 1025 1400 1066 generaliter
1418 1036 1437 1056 a
1458 1025 1553 1056 nobis
1571 1025 1652 1066 ipsis
1671 1028 1705 1056 et
1723 1036 1742 1056 a
1761 1028 1882 1056 cuncta
1903 1025 2091 1066 inprecatur

278 1077 425 1127 Pssffif'f'gffij
439 1080 571 1113 ecclesia
591 1080 625 1111 in
644 1080 730 1110 dicto
751 1079 944 1120 prophetae:
963 1078 1072 1110 ‘Muta
1093 1078 1175 1110 fiant
1195 1078 1280 1114 labia
1300 1078 1438 1115 dolosa';
1458 1082 1506 1109 et:
1525 1078 1580 1109 ‘In
1598 1078 1693 1109 corde
1713 1081 1746 1109 et
1763 1078 1859 1109 corde
1877 1077 1981 1109 locuti
2000 1082 2089 1109 sunt.

437 1134 613 1176 Disperdat
632 1133 796 1164 Dominus
816 1132 967 1163 universa
987 1131 1073 1163 labia
1092 1132 1226 1169 dolosa',
1246 1143 1331 1173 quae
1350 1132 1439 1163 aliud
1459 1132 1576 1163 dicunt
1596 1135 1628 1163 et
1648 1131 1738 1163 aliud
1757 1131 1852 1163 corde
1871 1131 2089 1169 abscondunt,

438 1199 457 1219 a
474 1187 594 1228 quibus
611 1186 779 1217 interdum
795 1189 926 1216 constat
940 1185 1029 1226 quod
1043 1185 1174 1223 dicitur,
1191 1185 1246 1216 sed
1263 1184 1326 1216 alio
1345 1196 1441 1216 500511
1459 1185 1722 1226 interpretantur
1738 1185 1828 1226 quod
1844 1184 1972 1222 dicunt,
1988 1195 2091 1226 quam

438 1244 521 1272 teste
545 1239 744 1271 conscientia
770 1239 930 1270 sentiunt.
961 1239 1006 1269 Et
1031 1241 1166 1270 sanctus
1193 1238 1406 1270 Hieronimus
1430 1238 1464 1268 in
1488 1241 1678 1270 commento
1705 1238 1828 1270 Mathei
1852 1238 1965 1269 dicit2:
1992 1241 2091 1268 Falsus

439 1298 521 1323 testis
537 1299 592 1327 est,
608 1297 655 1330 qui
670 1304 727 1321 non
741 1295 842 1322 eodem
859 1304 943 1321 sensu
961 1295 1040 1321 dicta
1056 1295 1206 1329 intellegit,
1218 1304 1274 1329 quo
1289 1295 1432 1322 dicuntur.
1449 1291 1494 1322 Et
1511 1292 1551 1322 (le
1568 1291 1690 1332 quibus
1707 1292 1830 1323 iterum
1848 1291 2010 1332 scriptum
2028 1294 2091 1322 est:

278 1344 377 1394 {2¹1ssss
389 1344 425 1390 ᾆξ’
437 1346 556 1378 ‘Labor
572 1346 736 1377 labiorum
752 1345 901 1386 ipsorum
917 1345 1041 1386 operiet
1057 1345 1134 1382 cos'‚
1151 1345 1283 1386 quando
1298 1344 1502 1386 ‘operientur
1519 1345 1604 1376 sicut
1619 1344 1785 1386 diploideb
1799 1344 1991 1376 confusione
2008 1344 2089 1382 sua’,

297 1410 425 1431 Pn.20.10.
441 1400 473 1431 id
493 1403 541 1431 est
562 1403 727 1440 ponentur
745 1398 845 1430 ‘sicut
863 1398 1014 1429 clibanus
1033 1398 1117 1439 ignis
1136 1398 1170 1429 in
1189 1402 1339 1439 tempore
1357 1397 1484 1429 vultus'
1504 1398 1575 1435 Dei,
1595 1397 1747 1429 videlicet
1768 1401 1806 1429 ut
1825 1397 1965 1429 interius
1984 1401 2017 1428 et
2037 1408 2091 1428 ex—

438 1454 562 1484 teriusc
580 1453 717 1484 ardeant
738 1452 773 1482 in
795 1451 922 1483 saeculo
944 1452 1012 1483 iam
1025 1455 1178 1483 venturo.
1207 1451 1270 1489 Qui
1290 1451 1386 1482 aliter
1406 1455 1484 1482 ante
1504 1455 1721 1492 conspectum
1741 1450 1840 1488 1111115,
1861 1451 1916 1482 cui
1935 1450 2091 1492 cogitatio

438 1506 582 1538 hominis
600 1505 788 1542 confitetur,
810 1504 902 1536 liberi
922 1505 1045 1536 iudices
1064 1516 1132 1536 esse
1152 1515 1218 1536 non
1239 1515 1426 1546 possumus,
1448 1505 1511 1535 0151
1531 1515 1572 1535 ex
1590 1504 1685 1535 corde
1705 1508 1739 1535 et
1758 1515 1811 1536 ore
1830 1515 1908 1535 vera
1927 1504 2090 1535 dicamus:

228 1556 427 1607 Vss¹·²·E‘3{3}j⁷g}{f
440 1571 525 1596 vere,
541 1559 617 1600 quia
635 1562 716 1589 tunc
736 1558 821 1589 iuste
839 1558 1033 1595 iudicemus,
1048 1562 1081 1589 et
1098 1558 1158 1590 hoc
1176 1558 1278 1590 etiam
1294 1569 1371 1589 cum
1388 1558 1507 1589 timore
1525 1561 1558 1588 et
1574 1561 1727 1595 tremore,
1748 1569 1787 1589 ne
1807 1558 1890 1588 forte
1908 1557 2092 1598 ignorantia

277 1623 361 1644 Matth.
375 1624 394 1647 7,
406 1624 426 1642 2.
441 1612 688 1653 delinquamus;
701 1611 860 1652 quoniam
873 1622 952 1643 cum
965 1611 1008 1642 sit
1021 1611 1165 1643 dictum:
1178 1610 1233 1642 ‘In
1245 1622 1311 1652 quo
1325 1611 1444 1642 iudicio
1459 1611 1692 1648 iudicaveritis,
1707 1610 1906 1642 iudicabitur
1919 1611 1958 1642 de
1970 1610 2091 1648 vobis’;

232 1679 249 1696 1.
261 1677 309 1697 1011.
321 1677 427 1699 3,·20.21.
442 1670 490 1697 et:
507 1665 556 1697 ‘Si
576 1677 641 1696 non
660 1665 901 1706 reprehenderit
920 1675 979 1695 nos
996 1675 1051 1696 cor
1070 1668 1232 1702 nostrum,
1254 1664 1356 1696 maior
1374 1667 1424 1695 est
1441 1664 1531 1695 Deus
1548 1664 1643 1696 corde
1662 1667 1773 1695 nostro
1792 1667 1825 1695 et
1844 1664 1938 1695 novit
1956 1663 2090 1695 omnia’.

440 1719 485 1751 Et
503 1719 573 1749 ideo
593 1719 627 1749 in
644 1718 695 1749 his
713 1718 825 1755 etiarn,
844 1729 929 1758 quae
946 1718 1037 1759 apud
1054 1717 1205 1750 homines
1221 1721 1310 1749 certa
1329 1720 1419 1754 sunt,
1439 1717 1544 1748 securi
1562 1728 1630 1748 esse
1649 1728 1715 1748 non
1734 1728 1922 1759 possumus,
1942 1717 2090 1753 scientes⁷

231 1783 277 1807 Vgl.
290 1785 308 1802 1.
319 1784 397 1806 com,
408 1786 428 1803 4.
445 1776 482 1803 ut
492 1771 616 1803 Paulus
630 1771 721 1808 dicit,
737 1771 814 1812 quia
824 1771 988 1802 Dominus
1003 1775 1063 1808 est,
1079 1771 1137 1812 qui
1153 1782 1212 1802 nos
1226 1770 1362 1808 iudicat,
1377 1770 1436 1811 (1111
1451 1781 1547 1812 saepe
1563 1770 1682 1802 iudicio
1697 1771 1845 1802 humano
1861 1769 2090 1802 iustificamur.

540 1826 747 1865 Quapropter
764 1824 892 1865 regibus
909 1824 1092 1861 scribimus,
1111 1828 1149 1855 ut
1164 1835 1247 1865 (11105
1261 1824 1351 1855 Deus
1366 1823 1437 1854 ideo
1454 1824 1488 1855 in
1504 1827 1577 1855 tam
1593 1823 1867 1855 excellentissimo
1883 1823 1953 1854 loco
1970 1823 2092 1865 posuit,

444 1882 481 1909 ut
500 1889 519 1909 a
541 1878 695 1908 subiectis
710 1877 864 1908 omnibus
876 1877 1011 1909 valeant
1025 1876 1193 1919 conspici³
1212 1880 1246 1908 et
1265 1877 1307 1908 ad
1328 1876 1451 1918 speculi
1471 1877 1579 1908 vicem
1598 1876 1720 1914 haberi,
1741 1880 1908 1918 quatenus
1929 1877 2039 1918 pravis
2059 1880 2095 1907 et

442 1932 539 1962 rectis
552 1931 605 1962 vel
619 1931 733 1962 terrori
749 1942 816 1962 esse
832 1931 973 1962 debeant
986 1930 1039 1962 Vel
1053 1921 1169 1968 amori,
1181 1930 1235 1962 illa
1252 1933 1423 1971 sataganta
1440 1930 1554 1967 facere,
1565 1930 1604 1961 de
1619 1930 1741 1970 quibus
1757 1941 1852 1962 nemo
1869 1929 2093 1962 subiectorum

443 1995 497 2015 eos
513 1984 598 2015 iuste
614 1983 723 2015 valeat
740 1984 971 2025 reprehendere
981 1988 1002 2021 e,
1021 1988 1054 2015 et
1072 1995 1108 2015 ea
1127 1984 1283 2015 studeant
1300 1994 1509 2024 summopere
1525 1983 1681 2020 devitare,
1699 1994 1784 2024 quae
1801 1983 1837 2014 in
1854 1983 2017 2014 subiectos
2034 1993 2092 2024 pro

445 2037 624 2069 ministerio
641 2037 702 2068 sibi
716 2048 735 2068 a
749 2037 817 2068 Deo
833 2037 988 2078 imposito
1006 2048 1133 2068 necesse
1148 2037 1210 2068 erit
1224 2037 1391 2077 corrigere,
1408 2047 1448 2067 ne
1461 2036 1601 2067 audiant
1615 2048 1634 2067 a
1650 2037 1864 2078 redarguente
1880 2048 1913 2068 se
1927 2035 2091 2078 apostolo:

298 2103 364 2122 nom.
377 2104 398 2127 2,
410 2104 430 2121 3.
443 2090 638 2122 ‘Existimas
651 2101 735 2130 ergo,
749 2101 767 2120 o
780 2091 889 2127 homo,
903 2091 961 2131 qui
975 2090 1100 2122 iudicas
1112 2091 1152 2122 de
1164 2090 1225 2127 his,
1239 2090 1296 2131 qui
1309 2088 1390 2121 talia
1402 2093 1518 2130 agunt,
1533 2093 1566 2120 et
1580 2089 1659 2120 iacis
1672 2100 1720 2126 ea,
1734 2089 1894 2130 quoniam
1906 2093 1946 2120 tu
1958 2089 2094 2130 effugies

314 2156 365 2179 sap.
377 2155 399 2179 6,
410 2156 431 2175 e.
446 2144 605 2174 iudicium
620 2143 716 2173 Dei?
733 2143 777 2174 Et
795 2144 916 2174 iterum
934 2144 1095 2184 scriptum
1112 2147 1177 2175 est:
1192 2143 1373 2174 ‘Iudicium
1389 2142 1604 2174 durissimum
1620 2143 1655 2173 in
1670 2143 1731 2180 his,
1749 2143 1807 2183 (1111
1824 2146 1994 2184 praesunt,
2012 2142 2092 2174 fiet'.

443 2197 488 2228 Et
505 2200 639 2227 sanctus
656 2196 792 2237 spiritus
808 2207 864 2238 per
880 2196 994 2227 beatos
1008 2197 1096 2227 viros
1112 2196 1331 2228 Benedictum
1348 2199 1381 2227 et
1398 2195 1602 2237 Cyprianum
1617 2195 1803 2232 confirmat,
1821 2196 1899 2236 quia
1917 2196 2092 2237 unusquis-

443 2260 507 2290 que
523 2260 580 2280 rex
595 2249 634 2280 de
650 2249 805 2280 omnibus
820 2249 948 2280 iudiciis
965 2250 1032 2280 suis
1046 2250 1243 2290 aequissimo
1260 2249 1358 2280 iudici
1368 2249 1436 2280 Deo
1451 2247 1615 2278 rationem4
1629 2251 1740 2279 reddet
1754 2253 1785 2278 in
1801 2252 1845 2278 die
1861 2252 1968 2283 iudicii,
1985 2252 2018 2280 et
2034 2259 2092 2290 pro

443 2302 548 2333 tantis
568 2305 708 2331 rationem
728 2305 852 2335 reddet,
869 2309 1001 2339 quantos
1022 2306 1076 2331 sub
1097 2315 1164 2332 cura
1184 2315 1236 2332 sua
1256 2305 1427 2336 habuerit,
1448 2305 1507 2331 sine
1528 2305 1616 2331 dubio
1637 2305 1737 2331 addita
1756 2308 1787 2330 et
1807 2305 1918 2331 animae
1940 2314 2016 2331 suae.
2037 2302 2092 2339 Et,

445 2355 540 2384 sicut5
558 2356 590 2385 111
608 2358 711 2383 throno
728 2358 877 2384 hominum
894 2360 1001 2392 primus
1019 2359 1193 2385 constitutus
1209 2362 1263 2390 est,
1280 2355 1342 2386 nisi
1359 2366 1391 2386 se
1408 2358 1441 2386 et
1459 2354 1519 2386 Sibi
1535 2355 1727 2386 commissos
1742 2354 1825 2385 bene
1841 2355 1972 2392 rexerit,
1989 2365 2093 2395 quan-

444 2412 521 2439 tum
537 2419 615 2439 cum
631 2408 691 2438 Dei
707 2408 869 2439 adiutorio
888 2407 1116 2449 praevaluerit,
1135 2420 1233 2438 omnes
1252 2420 1444 2445 quoscumque
1462 2414 1624 2445 peccatores
1641 2411 1695 2437 sub
1712 2420 1740 2436 se
1758 2412 1787 2436 in
1805 2411 1947 2444 praesenti
1965 2407 2092 2439 saeculo

445 2465 557 2495 habuit,
576 2473 662 2497 supra
680 2473 708 2489 se
730 2464 813 2489 inodo
832 2464 936 2497 plagali
954 2465 983 2489 in
1002 2464 1051 2490 illa
1069 2464 1167 2490 futura
1186 2460 1297 2498 paenaf
1314 2465 1441 2491 habebit.

536 2569 559 2596 ὃ)
576 2566 609 2590 So
627 2567 657 2590 B.
746 2565 770 2597 h)
792 2566 859 2590 Verb.
875 2575 922 2591 aus
937 2567 1056 2598 deploide
1074 2568 1104 2591 Β.
1205 2570 1229 2597 0)
1252 2567 1319 2591 Verb.
1335 2575 1382 2592 aue
1401 2571 1521 2591 extereus
1537 2567 1568 2591 B.
1675 2566 1699 2592 (ἵ)
1720 2567 1786 2591 Verb.
1804 2568 1898 2592 Sirm.:
1917 2570 2041 2599 satagunt
2062 2568 2092 2591 Β.

448 2612 471 2639 θ)
487 2611 645 2641 replienderc
662 2611 691 2634 R.
793 2610 812 2640 r)
832 2611 881 2634 Vovz
901 2613 1010 2641 spiiterer
1023 2612 1102 2635 Hand
1114 2612 1175 2635 verb.
1191 2620 1220 2635 zur
1234 2620 1318 2642 poena
1333 2612 1364 2636 Β,

558 2700 583 2730 1)
601 2699 637 2723 In
661 2699 749 2724 Lucae
772 2707 862 2731 cvany.
888 2707 978 2732 expos.
997 2699 1013 2724 l.
1029 2699 1067 2725 VI
1084 2708 1105 2724 c.
1119 2700 1162 2727 22,
1185 2699 1280 2732 11119110
1301 2699 1345 2729 93,
1367 2700 1427 2725 593.
1567 2699 1594 2730 2)
1616 2699 1660 2729 536,
1682 2700 1725 2729 61,
1747 2699 1764 2724 l.
1778 2699 1826 2726 [17.
1849 2699 1945 2732 Miyne
1966 2699 2010 2729 26,
2032 2699 2091 2724 201.

448 2744 475 2773 3)
495 2742 550 2775 1'91.
577 2743 707 2768 Bonizon.
734 2743 793 2768 Lib.
818 2743 848 2767 (Ic
872 2743 926 2767 vita
950 2743 1110 2768 (faristinam
1134 2744 1224 2773 IJ‚47
1248 2744 1286 2769 ed.
1314 2743 1405 2769 Perels
1427 2743 1455 2768 S.
1471 2744 1508 2768 57
1530 2743 1559 2768 Z.
1575 2743 1610 2768 18
1639 2743 1692 2768 mul
1715 2744 1749 2768 A.
1764 2744 1788 2769 1.
1903 2744 1932 2775 4)
1949 2743 2005 2776 Vql.
2033 2743 2091 2776 Ray.

448 2797 468 2811 s.
487 2787 582 2812 Bmzed.
605 2796 626 2812 c.
640 2787 663 2812 2.
759 2789 786 2819 5)
802 2787 857 2819 Vql.
878 2787 1075 2820 Ps.›Cyp1·ian.
1093 2787 1123 2811 «le
1141 2788 1280 2813 duodecim
1296 2788 1418 2813 abusivis
1434 2787 1546 2817 saeculi,
1565 2787 1645 2820 Corp.
1660 2787 1772 2813 Vindob.
1794 2788 1852 2817 III,
1871 2788 1887 2813 ‚3
1907 2787 1935 2813 S.
1949 2788 2009 2813 167.

2117 770 2145 789 10

2119 1035 2144 1054 15

2119 1301 2147 1321 20

2119 1566 2146 1586 25

2119 1834 2149 1853 3⁰

2119 2099 2148 2120 85

2120 2366 2148 2385 40

2120 2749 2147 2769 >15
