2220 3192
54 800 81 820 10

55 1065 81 1085 15

53 1332 80 1352 80

53 1598 80 1618 25

51 1865 79 1885 30

50 2129 78 2151 35

51 2395 79 2416 40

51 2733 78 2754 45

680 223 865 249 HINKMAR
886 223 963 250 VON
984 223 1103 250 REIMS
1126 224 1185 249 141.
1691 221 1751 251 109

107 310 262 342 volumen
276 310 476 351 quantitatis
496 321 562 341 non
585 311 728 343 modicae
745 312 905 344 scribens1
918 312 960 344 ad
976 312 1203 354 Hildegarium
1219 311 1417 344 Meldensem
1436 311 1646 354 episcopum²
1663 322 1750 344 com-

108 363 233 406 pilavit.
262 363 363 395 Cuius
391 365 577 404 perversam
604 363 862 405 intellegentiam
888 366 959 407 ipsa
985 366 1055 397 eius
1080 365 1226 397 collectio
1251 365 1380 407 scriptis
1402 365 1597 397 autenticis⁸
1620 364 1751 397 conlata

109 416 276 449 mendacio
300 416 465 457 redarguit
489 420 522 447 et
546 416 695 454 revincit,
719 417 823 449 veluti
847 419 904 459 qui
929 418 1041 460 legerit
1063 419 1267 460 apertissime
1288 417 1480 460 pervidebit.

198 469 287 501 Haec
304 473 421 500 autern
436 469 574 500 audiens
592 468 827 507 Gotescalcusb‚
842 470 1032 503 Orbacensis
1051 472 1239 503 monasterii
1256 471 1427 503 Remensis
1444 471 1595 503 ecclesiae
1614 471 1751 513 pseudo-

109 522 286 555 monachus
295 522 318 560 3,
336 526 409 554 tam
425 521 549 553 invidia
569 522 642 559 mei,
660 532 761 563 quem
778 523 811 553 in
829 523 960 555 ecclesia
977 525 1104 555 cantari
1120 525 1245 556 trinam
1260 525 1419 556 deitatem
1430 525 1573 556 vetuisse
1588 524 1750 562 audierat,

106 586 209 617 quam
230 586 318 607 more
338 586 408 613 suo,
429 575 488 616 qui
509 585 593 606 nova
614 579 647 606 et
666 579 764 606 antea
786 575 934 607 inaudita
954 587 1119 618 canaeque
1138 578 1397 609 orthodoxorum
1417 577 1658 619 intellegentiae
1676 588 1751 609 con—

106 628 205 661 traria
221 628 411 660 adinvenire
427 639 463 659 ac
481 628 623 670 proferre
639 627 680 660 ab
698 628 833 659 ineunte
848 632 957 660 aetate
974 640 1051 661 suae
1066 630 1205 661 viciosae
1222 630 1340 662 indolis
1355 629 1605 662 delectabiliterc
1622 631 1751 662 studuit

107 685 140 713 et
159 681 193 713 in
213 681 328 714 eodem
347 681 455 712 studio
477 682 670 722 permansit,
691 681 765 712 inde
786 681 928 722 plurima
949 681 1084 714 scribere
1104 687 1137 714 et
1155 683 1197 714 ad
1216 694 1441 724 quoscumque
1461 684 1583 725 potuit,
1604 684 1752 725 primum

106 734 258 772 latenter,
276 734 404 772 deinde,
421 738 589 775 quantum
612 734 673 765 sibi
696 733 801 771 licuit,
824 738 937 775 aperte
962 735 1091 766 mittere
1116 736 1314 776 procuravit.
1337 737 1520 769 Novissime
1542 737 1657 768 diebus
1680 737 1752 768 istis

105 788 188 820 hanc
212 787 425 820 subiunctam
447 787 646 824 scedulam4,
665 797 750 828 quae
771 787 813 818 ad
837 798 896 818 nos
917 788 1138 819 communiter
1162 799 1218 830 per
1239 789 1414 830 complices
1435 801 1473 821 ac
1496 789 1653 822 satellites
1676 801 1752 822 suos

106 841 267 884 pervenit,
283 841 358 872 inde
371 840 578 882 conscripsit.
592 841 639 872 De
652 851 719 882 qua
732 839 827 872 bonis
840 841 957 872 vestris
970 841 1136 872 desideriis
1151 841 1287 883 placuit,
1304 846 1342 872 ut
1355 853 1429 873 eam
1443 843 1477 874 in
1490 843 1550 874 hoc
1565 854 1660 885 opere
1674 854 1753 875 cum

105 894 294 935 integritate
319 905 475 936 ponerem
500 898 533 926 et
558 898 633 936 post
655 894 698 925 ad
723 893 850 935 singula
875 893 1111 926 catholicorum
1136 895 1307 926 sententiis
1331 896 1574 936 responderem:
1600 900 1649 933 ut,
1669 897 1752 928 dum

105 947 208 989 ipsius
228 948 411 979 sententiae
431 947 555 979 fuerint
574 947 615 979 de
633 947 692 978 hac
713 957 811 978 causa
832 946 942 978 oribus
955 947 1202 985 catholicorum,
1222 946 1328 989 gladio
1342 947 1493 980 videlicet
1510 949 1659 990 spiritali,
1682 960 1752 990 per-

106 1004 249 1042 emptae,
268 1004 464 1039 ceterorum,
483 1001 542 1042 qui
569 1000 717 1032 sensibus
742 1000 777 1031 in
797 999 884 1031 illius
903 1005 1042 1031 currunt
1062 1001 1273 1038 sententiam,
1293 1000 1401 1032 ‘muta
1422 1000 1504 1032 fiant
1524 1002 1609 1033 labia
1628 1002 1750 1034 dolosa'

105 1054 214 1095 sicque
239 1058 436 1096 cooperante
454 1054 598 1086 Domino
623 1053 744 1085 ‘omnis
770 1053 928 1094 iniquitas
954 1053 1080 1095 oppilet
1099 1065 1134 1085 os
1154 1053 1277 1085 suum’.
1304 1054 1528 1095 Proponentes
1556 1055 1634 1086 mihi
1652 1055 1750 1087 verba

104 1107 192 1139 beati
208 1106 351 1149 Gregorii
366 1118 408 1139 ex
421 1106 538 1139 omelia
554 1106 725 1148 evangelii,
739 1117 805 1148 qua
820 1106 900 1137 dicit
910 1106 937 1137 5:
968 1109 1042 1141 Quid
1057 1113 1109 1141 est,
1125 1107 1287 1148 inquiens,
1300 1110 1376 1144 quod
1391 1111 1575 1144 vigilantibus
1589 1112 1751 1145 pastoribus

106 1163 222 1198 angelus
238 1167 359 1198 apparet
374 1171 478 1198 eosque
495 1163 548 1190 Dei
565 1163 678 1191 claritas
694 1162 900 1197 circumfulget,
917 1163 971 1189 nisi
988 1163 1064 1197 quod
1080 1163 1120 1189 illi
1136 1172 1203 1197 prae
1220 1164 1319 1190 ceteris
1336 1164 1430 1190 videre
1447 1164 1579 1190 sublimia
1597 1167 1750 1195 merentur,

106 1218 154 1251 qui
174 1217 305 1244 fidelibus
324 1217 455 1251 gregibus
475 1225 604 1251 praeesse
624 1217 744 1243 solliciti
764 1218 854 1244 sunt.
876 1216 1008 1250 Dumque
1029 1217 1082 1250 ipsi
1103 1218 1147 1250 pie
1167 1225 1252 1250 super
1270 1225 1381 1250 gregem
1402 1218 1531 1251 vigilant,
1552 1218 1649 1243 divina
1669 1226 1753 1252 super

106 1278 154 1297 eos
172 1271 264 1304 gratia
283 1271 387 1304 largius
406 1274 549 1300 coruscam
568 1270 601 1297 et
619 1267 708 1307 quod
727 1277 767 1298 ex
787 1267 950 1298 sententia
970 1267 1182 1298 Canticorum
1201 1267 1327 1298 Cantici
1346 1267 1540 1308 explanatsst
1560 1267 1665 1297 ‘Nasus
1684 1275 1751 1298 tuus

103 1325 177 1350 sicut
196 1324 283 1350 turris
303 1321 426 1354 Libaniss
446 1321 523 1361 quia
543 1319 694 1351 videlicet
714 1320 978 1362 praepositorum
997 1322 1130 1349 discretio
1149 1324 1182 1351 et
1204 1320 1332 1351 munita
1351 1320 1448 1352 debet
1468 1331 1534 1352 esse
1554 1331 1595 1351 ex
1613 1321 1750 1352 circum-

104 1374 271 1415 spectione
287 1378 320 1405 et
334 1373 511 1405 altitudine
526 1373 615 1405 vitae
630 1373 816 1411 consistere,
834 1373 865 1404 id
882 1377 931 1404 est
947 1373 980 1404 in
995 1373 1079 1404 valle
1096 1373 1218 1404 infirmi
1233 1374 1339 1415 operis
1355 1384 1420 1404 non
1437 1374 1537 1405 iacere
1554 1378 1586 1404 et
1602 1374 1751 1405 incursus

107 1426 327 1468 malignorum
342 1427 523 1468 spirituum
539 1426 632 1468 longe
649 1427 831 1468 prospicere
847 1430 879 1458 et
895 1427 1087 1458 commissas
1103 1426 1163 1457 sibi
1178 1427 1308 1458 animas
1324 1437 1380 1468 per
1396 1438 1492 1458 suam
1509 1427 1751 1468 providentiam

104 1483 218 1512 cautas
239 1480 381 1517 reddere,
404 1484 442 1511 ut
464 1480 559 1511 iuxta
579 1480 669 1511 beati
690 1480 779 1511 Petri
800 1490 914 1511 vocem
934 1480 1109 1511 dominum
1130 1480 1242 1511 Iesum
1263 1480 1430 1511 Christum
1451 1479 1694 1512 sanctificemus
1716 1480 1749 1511 111

104 1533 255 1565 cordibus
277 1534 397 1564 nostris
419 1537 452 1565 et
474 1533 583 1575 parati
605 1544 732 1574 semper
755 1533 858 1565 simus
879 1533 920 1564 ad
943 1533 1203 1564 satisfactionem
1224 1533 1315 1564 omni
1338 1533 1485 1574 poscenti
1508 1544 1567 1564 nos
1588 1533 1751 1565 rationem

102 1587 140 1618 de
155 1597 204 1624 ea,
219 1597 303 1627 quae
322 1587 357 1618 in
375 1586 468 1618 nobis
486 1591 548 1623 est,
563 1597 619 1628 spe
636 1587 778 1618 reddere.
801 1587 1009 1628 Quapropter
1029 1586 1207 1618 ministerio
1224 1586 1413 1627 dignatione
1429 1586 1542 1618 divina
1561 1586 1751 1628 indignitati

106 1651 195 1672 meae
218 1640 375 1681 imposito
396 1640 438 1671 ad
460 1641 543 1671 hanc
568 1639 798 1671 sollicitudinis
819 1651 933 1671 curam
955 1651 991 1671 30
1016 1641 1165 1671 studium
1188 1651 1253 1670 non
1278 1639 1372 1670 modo
1395 1639 1512 1671 vestris
1535 1639 1751 1681 petitionibus

105 1704 179 1724 sum
198 1693 373 1730 invitatus,
392 1703 510 1724 verum
529 1697 561 1724 et
581 1697 708 1724 tractus
727 1697 771 1730 et,
791 1698 959 1734 quantum
979 1694 1049 1734 ipsa
1068 1693 1182 1730 deitas,
1203 1703 1286 1733 quae
1306 1693 1467 1724 trinitatis
1486 1696 1535 1724 est
1555 1693 1677 1730 unitas,
1697 1692 1751 1724 de-

104 1747 188 1778 derit
210 1750 244 1778 et
266 1747 439 1787 occupatio
465 1746 640 1788 multiplex
662 1751 763 1787 atque
785 1747 962 1778 continuad
986 1747 1167 1787 inertiaque
1191 1757 1304 1776 sensus
1329 1746 1391 1777 mei
1414 1746 1609 1787 permiserit,
1633 1746 1751 1786 exequi

103 1811 152 1837 ea,
169 1810 254 1841 quae
272 1800 397 1841 petitis,
416 1800 596 1841 procurabo
616 1811 742 1841 ponens
758 1811 837 1831 cum
855 1800 1042 1841 integritate
1061 1800 1111 1830 sui
1130 1800 1163 1830 in
1180 1799 1239 1830 1100
1258 1798 1416 1840 opusculo
1435 1803 1565 1830 nostrae
1583 1799 1751 1830 servitutis

103 1853 249 1885 eiusdem
265 1852 463 1885 Gotescalcie
485 1853 642 1884 scedulas.
663 1853 708 1884 Et
730 1864 787 1894 per
809 1853 953 1894 singulas
975 1853 1154 1884 sententias
1175 1863 1261 1883 more
1279 1852 1450 1883 veterum⁷
1468 1855 1605 1882 oboelum
1621 1859 1702 1886 )—!,
1722 1855 1752 1881 id

104 1912 148 1937 est
160 1911 322 1936 iacentem
341 1909 500 1944 virgulam,
515 1907 561 1938 eis
575 1909 840 1948 praeponemus&
857 1913 890 1936 ut
905 1911 986 1943 quasi
1001 1910 1108 1943 sagitta
1123 1909 1194 1935 falsa
1209 1905 1295 1936 illius
1307 1905 1395 1936 dicta
1411 1909 1567 1936 confodiat.
1590 1905 1651 1937 His
1663 1915 1750 1943 vero,

103 1970 188 2001 quae
208 1963 419 2001 opponentur
440 1971 481 1991 ex
501 1960 759 1991 orthodoxorum
779 1960 875 1991 dictis
896 1961 965 1990 eius
986 1960 1168 1996 sententiiS,
1190 1958 1330 2000 figuram
1345 1953 1392 2006 >R
1414 1969 1498 2000 quae
1512 1958 1689 1990 chrisimon
1703 1958 1751 1990 di-

101 2014 199 2050 citur,
218 2012 501 2054 praenotabimus,
521 2017 559 2044 ut
578 2024 635 2055 per
652 2024 725 2044 eam
741 2012 978 2045 catholicorum
995 2012 1197 2049 testimonia,
1214 2022 1298 2053 quae
1316 2012 1476 2043 resistunt
1492 2012 1664 2043 venenosis
1682 2011 1751 2042 eius

104 2065 262 2103 sensibus,
277 2066 546 2098 demonstrentur
560 2070 592 2098 et
607 2078 686 2098 sana
699 2077 736 2098 ac
750 2077 824 2098 vere
840 2066 1021 2097 Christiana
1037 2065 1270 2106 intellegentia,
1285 2068 1324 2096 ut
1337 2075 1447 2096 revera
1460 2076 1479 2096 a
1495 2065 1621 2097 Christo
1635 2069 1750 2096 contra

103 2119 313 2152 antichristos
332 2120 467 2157 tradita,
489 2120 657 2151 evidenter
679 2119 883 2161 simplicibus
903 2124 936 2150 et
956 2119 1083 2150 devotis
1105 2117 1271 2150 mentibus
1292 2118 1495 2150 ostendatur.

194 2173 280 2204 Cum
292 2172 365 2204 aliis
380 2173 554 2214 pestiferis,
571 2173 674 2214 magis
686 2178 801 2204 autem
817 2172 992 2204 mortiferis
1004 2172 1149 2208 venenis,
1164 2182 1248 2212 quae
1263 2170 1490 2203 Gotescalcusss
1504 2182 1618 2203 sanam
1630 2171 1750 2203 doctri—

105 2237 183 2257 nam
195 2237 262 2257 non
276 2226 517 2258 sustinentibus
534 2229 737 2267 vocumqueh
759 2227 924 2257 11ον1131οΠ
942 2224 1182 2256 delectantibus
1194 2228 1227 2256 et
1240 2225 1424 2267 prurientes
1435 2235 1530 2256 aures
1541 2224 1749 2262 habentibus,

102 2279 160 2320 qui
181 2279 276 2310 iuxta
290 2279 500 2311 voluntatem
522 2291 617 2311 suam
634 2280 804 2320 magistros
819 2279 879 2309 sibi
892 2289 1080 2310 coacervare
1096 2278 1264 2314 festinant,
1281 2281 1319 2308 ut
1336 2277 1485 2315 magistris
1498 2278 1634 2309 demum
1649 2281 1751 2307 erroris

103 2332 196 2370 fiant,
218 2332 276 2373 qui
300 2332 477 2364 noluerunt
501 2332 570 2364 fieri
593 2336 727 2371 discipuli
751 2337 892 2365 veritatis,
920 2331 1059 2362 bibenda
1090 2331 1255 2372 proponit,
1285 2331 1433 2372 cogitans
1462 2334 1494 2363 et
1524 2330 1660 2372 loquens
1689 2331 1749 2362 ini-

101 2386 267 2427 quitatem
285 2386 321 2417 in
339 2385 506 2417 excelsum
524 2390 557 2417 et
577 2397 702 2427 ponens
721 2387 755 2416 in
773 2386 902 2416 caelum
919 2396 954 2415 os
973 2396 1072 2416 suum
1089 2385 1167 2415 haec
1186 2385 1288 2415 etiam
1305 2383 1422 2416 dicit⁹z

187 2512 210 2541 ὃ)
233 2511 319 2535 Durch
334 2511 486 2542 ruberqeschr.
502 2513 518 2536 h
536 2511 710 2543 (undezttlich.)
726 2513 808 2541 spci‘tcr
824 2518 853 2533 :a
867 2510 1024 2534 authenticis
1045 2509 1107 2533 verb.
1123 2509 1154 2533 B.
1240 2508 1263 2539 ι7)
1282 2509 1410 2533 Zwischen
1430 2512 1441 2533 t
1461 2510 1515 2534 und
1533 2517 1546 2533 e.
1568 2511 1580 2533 1
1602 2509 1702 2533 Buchst.
1723 2523 1751 2526 —

104 2555 165 2579 wohl
178 2556 195 2579 h
212 2569 241 2572 —
254 2555 308 2580 rad.
325 2556 355 2579 Β.
439 2558 462 2585 ⁰)
477 2556 642 2580 delectabilifi
664 2556 695 2580 B.
764 2554 789 2584 d)
804 2563 860 2578 -nu-
877 2554 945 2578 stark
963 2554 1071 2584 verblasst
1085 2554 1120 2580 B.»
1139 2554 1303 2578 contumacia
1315 2553 1393 2578 Sirm.
1469 2556 1491 2583 e)
1510 2553 1637 2577 Zwischen
1650 2553 1726 2577 tund
1737 2562 1750 2576 0

106 2601 118 2623 1
141 2599 242 2624 Βαεὴει.
260 2600 314 2624 rad.
336 2600 366 2624 B.
453 2599 472 2630 ι’)
491 2608 653 2632 opponemus
672 2600 748 2623 Sirm.
844 2601 866 2628 g)
880 2598 1007 2622 szlschen
1022 2601 1031 2622 t
1048 2599 1102 2622 und
1115 2606 1128 2622 e
1145 2599 1157 2622 l
1176 2598 1276 2622 Buchst.
1291 2598 1345 2622 rad.
1363 2598 1393 2622 B.
1480 2597 1504 2628 ὓ)
1521 2597 1573 2628 Ans
1592 2598 1650 2621 Ras.
1669 2598 1699 2621 B.

196 2688 221 2719 1)
244 2687 327 2713 ΝιῖοΜ
347 2687 474 2714 erhalten.
599 2688 627 2719 2)
649 2687 801 2713 856-δῖὸ.
926 2686 953 2717 3)
980 2685 1036 2718 Vyl.
1058 2685 1123 2711 oben
1145 2686 1173 2711 S.
1187 2686 1204 2712 8
1225 2686 1298 2712 A.3.
1422 2687 1451 2717 4)
1476 2685 1533 2719 Vyl.
1550 2688 1634 2711 unbem
1656 2685 1684 2710 S.
1698 2685 1751 2710 110

102 2731 132 2756 Ζ.
145 2731 196 2765 Iff.
291 2733 318 2763 5)
343 2732 423 2758 Hom.
437 2732 463 2763 8,
483 2732 579 2765 Miyne
594 2732 636 2761 76,
651 2732 730 2757 1104.
824 2732 851 2761 6)
875 2730 964 2763 Super
977 2729 1092 2756 Cantica
1105 2729 1282 2756 Canticorum
1298 2730 1432 2763 expositio
1445 2738 1466 2755 c.
1480 2730 1504 2760 7,
1523 2729 1619 2762 Miqne
1634 2729 1675 2759 79,
1687 2729 1749 2755 534.

106 2776 133 2807 7)
161 2775 217 2809 Vyz.
243 2775 342 2801 Isidor.
367 2776 518 2809 Etymoloy.
536 2777 561 2805 1,
581 2776 625 2806 21,
639 2777 663 2802 3.
788 2777 814 2806 ὃ)
846 2774 902 2807 Vql.
928 2774 979 2800 Leo
995 2774 1019 2800 I.
1043 2783 1079 2799 an
1099 2774 1226 2805 Flauiam,
1254 2774 1408 2800 Hinochius
1430 2773 1460 2800 S.
1474 2774 1527 2800 597
1553 2773 1649 2807 (J.-K.
1670 2773 1749 2805 423).

104 2821 131 2852 9)
155 2820 211 2853 Vyl.
233 2820 349 2850 Traube,
372 2820 435 2846 ΜΟ.
457 2821 531 2846 Poet.
547 2820 609 2849 III,
629 2820 679 2846 713
698 2829 723 2844 η.
737 2820 769 2844 41
791 2818 844 2844 und
863 2819 896 2844 A.
911 2819 935 2843 6.

1777 313 1952 344 860-861.

1769 1011 1898 1035 Ps.30,19.

1768 1064 1910 1088 Ps.106,42.

1768 1277 1833 1298 eant.
1845 1278 1865 1301 7,
1876 1278 1898 1297 4.

1767 1432 1818 1455 vgl.
1830 1432 1883 1452 Luc.
1895 1433 1915 1455 S,
1923 1434 1943 1453 ⁴2.

1767 1472 1816 1495 Vgl.
1828 1474 1848 1493 1.
1861 1472 1922 1493 Petr.

1815 1500 1834 1523 3,
1846 1500 1882 1520 15.

1768 2164 1817 2188 Vgl.
1829 2166 1849 2185 1.
1859 2165 1918 2187 Tim.

1807 2192 1827 2216 6,
1838 2193 1875 2212 20.

1766 2231 1934 2256 vg1.2.T1m.4,
1942 2232 1961 2252 3.

1767 2338 1815 2362 vgl.
1828 2338 1862 2358 ΡΒ.
1872 2338 1906 2362 72,
1915 2338 1935 2358 8,
1942 2339 1961 2358 9.
