2220 3192
323 424 396 454 867.

424 217 486 246 204
993 216 1180 242 HINKMAR
1200 216 1278 242 VON
1299 216 1419 244 REIMS
1441 218 1500 244 198.

1208 336 1275 389 198.

505 421 663 452 Hmkmar
688 419 880 450 beantwortet
905 419 964 450 den
995 419 1031 450 in
1063 419 1116 450 der
1145 419 1235 458 Psalz
1261 420 1435 461 Samoussy
1459 420 1555 451 durch
1582 419 1761 458 Erzbischoj
1787 420 1878 461 qu'lo
1903 432 1962 452 von
1988 421 2068 452 Seras

424 474 624 505 imm-reichten
644 472 732 511 Briel
748 472 848 513 Papst
862 470 1031 503 Nikolaus'
1045 473 1073 503 I.
1088 472 1123 503 in
1137 472 1190 503 der
1204 473 1302 504 Sache
1314 473 1367 504 der
1383 474 1522 505 Reimser
1534 473 1729 504 Geistliche‘n.
1840 473 1912 504 Juli
1933 474 2004 505 867.

512 570 592 596 Hes:
619 570 696 595 Laon
717 569 770 595 407
792 569 835 595 Bl.
853 569 1007 600 120—136‚
1032 569 1057 595 9.
1070 569 1118 596 Jh.
1145 570 1214 603 (B),
1240 570 1329 596 kollat.
1353 570 1388 596 A.
1402 570 1431 596 V.
1447 569 1565 600 Mallem·
1593 570 1677 596 Paris
1697 569 1764 596 Ooll.
1786 570 1894 604 Dupuy
1913 570 1939 601 9,
1964 571 2006 596 17.
2019 571 2066 597 Jh.

425 615 494 647 (aus
511 614 567 648 B);
583 613 689 640 Dublin
707 613 821 647 Trinity
836 613 939 647 Gollcqe
955 613 985 639 G.
1002 614 1027 639 1.
1044 614 1089 644 20,
1105 614 1148 639 17.
1161 613 1208 640 .ΙΙι.
1229 614 1295 647 (aus
1312 613 1363 647 Β).

494 703 614 729 Drucke:
629 702 768 733 Sirmond,
782 702 811 728 H
813 702 893 728 inem.
908 711 990 736 opera
1003 703 1047 734 II,
1061 703 1115 730 298
1134 704 1201 736 (aus
1213 704 1253 738 B)
1260 713 1269 734 ,¹
1283 703 1494 730 Labbe-Coseart
1510 703 1586 730 VIII
1589 722 1595 734 ‚
1610 702 1696 733 1908:
1709 703 1744 729 M
1745 702 1809 729 ansi
1816 703 1875 734 XV,
1891 703 1957 734 7752,-
1970 704 2005 730 Μ
2006 705 2068 738 iane

422 748 482 777 126,
499 747 541 773 71.

500 845 561 886 qu.
584 844 665 876 auch
684 843 772 875 Flod.
796 844 879 876 Hist.
899 845 984 876 Rem.
1001 845 1069 876 eccl.
1086 845 1156 878 III.
1173 846 1202 879 52,
1225 845 1298 877 ΜΘ.
1315 845 1373 877 SS.
1390 845 1495 881 XIII,
1512 844 1600 883 475f.
1621 864 1664 866 —
1687 844 1772 875 Teile
1793 845 1845 876 des
1865 845 2067 886 nachfolqend

420 899 535 931 dai-aus
556 897 832 938 wiederqeyebenen
854 898 964 929 Teoetes
982 897 1115 929 berulzen
1135 898 1192 937 auf
1214 899 1271 930 Nr.
1287 898 1348 930 198
1371 898 1445 939 (vql.
1465 903 1560 929 umen
1582 897 1615 929 S.
1632 897 1694 929 210
1703 897 1768 939 ff).
1798 897 1879 929 Abeo·
1896 909 1927 929 es
1944 898 2068 930 handelt

420 952 483 982 sich
503 950 592 982 dabei
611 962 665 982 um
684 951 840 982 (lm-chaus
858 951 1030 982 sekunda're
1051 946 1293 992 Uberlieserunq.
1315 952 1367 983 Im
1382 951 1510 991 Anfanq
1529 950 1594 991 (bis
1607 951 1642 982 Z.
1655 950 1712 992 16)
1735 951 1885 982 erscheint
1903 962 1992 992 soqar
2010 952 2068 984 das

420 1004 718 1046 Synodalsclzreiben
740 1015 798 1036 von
817 1005 943 1046 Troyes,
967 1005 1080 1036 Mansz·
1095 1005 1163 1039 XV,
1183 1005 1281 1044 7941‘..
1304 1005 1421 1036 starker
1441 1004 1570 1037 benutzt.
1593 1004 1737 1036 wdhrend
1756 1004 1791 1035 Z.
1809 1004 1889 1046 25ff
1912 1005 1968 1036 wie
1988 1005 2069 1037 auch.

419 1070 471 1089 am
490 1057 577 1089 Ende
594 1058 662 1089 eine
681 1058 765 1089 nicht
783 1057 932 1089 bekannte
948 1058 1073 1099 Vorlaqc
1091 1058 1138 1089 als
1155 1058 1259 1097 Quelle
1276 1058 1395 1099 qedissem
1412 1058 1464 1089 hat
1485 1057 1559 1098 (vql.
1579 1057 1658 1088 auch
1677 1057 1736 1089 SS.
1756 1057 1861 1095 XIII,
1881 1057 1943 1089 476
1962 1059 2000 1089 A.
2015 1059 2066 1099 2).

420 1112 579 1143 Demomch
595 1111 673 1142 stelle
688 1111 754 1142 also
769 1111 825 1141 das
840 1111 941 1142 Ganze
957 1111 1041 1142 mom
1056 1111 1106 1142 die
1122 1112 1254 1143 weirtlich
1271 1116 1389 1152 {leirene
1403 1110 1595 1151 Wiederqabe
1609 1110 1694 1142 eines
1709 1110 1926 1142 einheitlicken
1946 1111 2066 1150 Testes,

419 1166 551 1196 sondern
574 1165 642 1196 eine
664 1176 723 1195 ((115
742 1165 973 1196 verschiedenen
991 1165 1117 1203 Quellen
1140 1164 1310 1206 yeschijpfte
1331 1164 1504 1196 Redaktz‘on
1527 1163 1592 1195 und
1613 1163 1832 1205 Verarbeitunq
1849 1164 1922 1196 dar:
1946 1168 2068 1196 Emenso

419 1220 558 1260 denique
582 1231 657 1248 anno
681 1224 746 1256 post
769 1218 872 1259 ipsius
898 1218 1068 1250 Hincmari
1092 1222 1301 1248 ordinationem
1325 1221 1492 1248 fflotharius
1515 1221 1671 1255 imperator
1701 1229 1751 1255 pro
1775 1222 1957 1248 contentione
1980 1223 2067 1257 regni,

420 1285 507 1310 quam
519 1284 585 1309 erga
598 1276 717 1302 fratrem
730 1283 814 1301 suum
829 1275 967 1301 Karolum
981 1275 1115 1305 habebat,
1131 1276 1209 1302 cuius
1222 1275 1365 1308 obsequiis
1379 1271 1465 1302 idem
1480 1270 1609 1312 praesul
1622 1273 1744 1300 fideliter
1756 1274 1940 1306 adhaerebat,
1954 1276 2068 1304 contra
2110 1283 2122 1296 ν’

419 1338 485 1356 eum
504 1331 664 1356 commotus
682 1328 817 1362 epistolas
836 1338 853 1355 a
874 1328 969 1362 Sergio
988 1337 1064 1363 papa
1082 1329 1176 1362 exegit
1196 1337 1245 1363 pro
1265 1325 1444 1366 reparando
1463 1328 1567 1354 iudicio
1588 1328 1623 1354 de
1643 1327 1750 1354 Ebom's
1768 1328 1954 1362 depositione.
1985 1329 2068 1355 Unde

420 1384 496 1409 idem
512 1391 588 1417 papa
603 1382 714 1408 litteras
732 1381 837 1408 Karolo
854 1379 919 1419 regi
937 1383 1076 1408 mittens
1093 1383 1266 1416 praecepit,
1284 1384 1317 1407 ut
1330 1380 1527 1408 Guntboldum
1545 1381 1807 1415 Rothomagensem
1822 1381 1986 1416 episcopum
2003 1391 2068 1408 cum

420 1437 519 1463 ceteris
537 1436 676 1470 episcopis
694 1435 771 1469 regni
789 1436 842 1462 sui.
862 1444 932 1469 quos
950 1432 1019 1473 ipse
1041 1435 1223 1461 Guntboldus
1241 1435 1278 1461 ad
1297 1435 1350 1462 hoc
1367 1435 1421 1460 sibi
1439 1434 1563 1468 eligeret,
1582 1430 1696 1472 legatis
1721 1435 1782 1460 eius
1806 1435 1922 1461 obviam
1940 1435 2068 1461 Treveris

420 1491 456 1516 ad
478 1490 551 1516 hanc
571 1488 781 1515 discutiendam
801 1484 968 1526 querelam
988 1489 1122 1522 dirigeret
1142 1491 1172 1514 et
1194 1485 1413 1516 Hincmarum
1434 1484 1627 1526 episcopum
1648 1488 1686 1514 ad
1706 1488 1799 1521 ipsam
1819 1488 1952 1514 sinodum
1972 1489 2068 1515 venire

2096 1012 2121 1032 10

420 1544 534 1570 faceret.
560 1542 630 1576 Ipse
644 1550 757 1575 quoque
774 1541 938 1568 Guntboldo
952 1542 1064 1568 litteris
1080 1538 1261 1574 mandavit,
1276 1544 1318 1572 ut,
1333 1550 1398 1568 cum
1412 1544 1477 1576 post
1490 1542 1566 1567 diem
1580 1543 1696 1568 sanctae
1709 1537 1843 1569 Domini
1857 1542 2069 1568 resurrectionis
2093 1544 2121 1562 '20

421 1597 520 1622 missos
540 1604 606 1622 suos
627 1596 656 1621 in
677 1595 826 1621 servitium
846 1595 1025 1629 imperatoris
1047 1595 1185 1626 mitteret,
1207 1591 1275 1633 ipsc
1298 1603 1363 1621 cum
1383 1595 1522 1628 episcopis
1543 1595 1723 1628 praedictum
1742 1594 1837 1621 locum
1858 1595 1932 1622 hanc
1953 1603 2069 1622 causam

420 1649 594 1676 diffiniturus
615 1649 715 1675 adiret.
751 1648 805 1674 Sed
827 1652 856 1674 ot
877 1645 939 1686 ipsi
963 1645 1142 1676 Hincmaro
1164 1648 1275 1674 litteras
1298 1648 1384 1678 misit,
1406 1650 1439 1674 ut
1460 1648 1497 1674 ad
1518 1648 1594 1674 idem
1615 1648 1726 1674 veniret
1746 1647 1906 1674 concilium.
1939 1644 2068 1686 Legatis

420 1700 531 1740 itaque
555 1697 655 1739 Sergii
678 1708 784 1740 papae
807 1698 902 1729 iuxta
925 1702 1089 1728 condictum
1110 1710 1167 1727 non
1189 1701 1394 1728 venientibus
1419 1701 1600 1728 Guntboldus
1622 1704 1767 1728 annuente
1788 1710 1852 1735 rege
1875 1701 1981 1728 Karolo
2003 1710 2069 1728 cum

420 1756 566 1790 episcopis
580 1756 713 1782 sinodum
728 1755 864 1785 condixit,
881 1755 921 1781 ad
937 1763 1037 1789 quam
1052 1755 1181 1781 Ebonem
1196 1763 1254 1789 per
1266 1755 1385 1781 litteras
1399 1754 1433 1782 et
1447 1750 1570 1792 legatos
1585 1763 1621 1781 ex
1635 1755 1807 1782 auctoritate
1823 1755 1962 1789 praedicti
1978 1763 2068 1789 papae

421 1810 599 1836 convocavit,
634 1808 696 1840 Quo
713 1809 826 1836 tamen
846 1808 907 1834 Ebo
926 1816 1031 1846 neque
1050 1809 1172 1834 venisse
1191 1815 1294 1846 neque
1311 1804 1467 1835 vicariam
1486 1815 1543 1845 pro
1562 1815 1593 1835 se
1613 1815 1787 1846 personam
1804 1803 1857 1835 vel
1874 1804 1999 1836 litteras
2016 1815 2067 1836 ca·
2095 1813 2122 1832 25

421 1860 553 1891 nonicas
578 1859 700 1890 misisse
724 1858 876 1889 traditur.
911 1857 1119 1889 Guntboldus
1147 1861 1261 1889 tamen
1282 1862 1316 1888 et
1337 1857 1434 1889 ceteri
1456 1857 1610 1899 episcopi,
1633 1858 1691 1899 qui
1713 1858 1803 1899 apud
1826 1858 1965 1889 Parisios
1987 1861 2067 1889 tunc

419 1915 652 1949 convenerant,
678 1910 805 1943 Wenilo
832 1911 954 1943 scilicet
979 1911 1137 1943 ecclesiae·
1157 1910 1333 1942 Senonicae
1361 1910 1634 1952 metropolitanus
1659 1921 1738 1942 cum
1763 1911 1962 1942 diocesaneis
1989 1911 2066 1948 suis,

422 1968 634 1998 Lantrannus
661 1964 858 1996 Turonensis
883 1975 961 1996 cum
986 1964 1200 2006 suffraganeis
1225 1964 1293 1995 suis
1317 1967 1350 1995 et
1375 1963 1558 2005 specialiter
1585 1964 1786 1995 Hincmarus
1810 1975 1889 1996 cum
1913 1963 2067 1996 omnibus

422 2019 592 2051 Remensis
615 2018 776 2050 dioceseos
799 2018 999 2060 coepiscopis
1023 2017 1149 2049 litteras
1174 2028 1250 2048 suas
1273 2017 1315 2048 ad
1339 2028 1416 2048 eum
1442 2017 1613 2054 miserunt,
1638 2017 1667 2048 ei
1691 2017 1847 2049 diocesim
1870 2017 2068 2049 Remensem

420 2073 661 2108 interdicentes,
684 2075 722 2102 ut
743 2082 809 2102 non
828 2071 962 2103 haberet
980 2071 1056 2102 dein
1077 2071 1245 2102 licentiam
1264 2081 1306 2102 ex
1325 2081 1361 2102 ea
1381 2071 1574 2112 quempiam
1594 2070 1767 2102 sollicitare
1789 2082 1846 2102 nec
1867 2071 1988 2112 scripto
2010 2081 2067 2102 nec

420 2126 518 2157 verbo
537 2137 594 2156 nec
614 2125 711 2156 misso
729 2125 850 2166 aliquo,
869 2125 970 2156 donec
989 2125 1171 2156 secundum
1189 2124 1366 2155 iussionem
1384 2123 1484 2164 Sergii
1503 2135 1607 2166 papae
1625 2124 1704 2165 ipsis
1722 2128 1905 2155 occurreret
1921 2128 1955 2155 et
1972 2124 2067 2156 iuxta

420 2179 576 2210 canonica
597 2182 630 2209 et
651 2177 830 2220 apostolica
851 2182 979 2209 statuta
999 2178 1208 2209 diffinitionis
1229 2178 1428 2209 sententiam
1448 2176 1489 2208 ab
1510 2177 1589 2219 ipsis
1609 2188 1720 2208 coram
1740 2176 1881 2218 generali
1901 2180 2068 2208 conventu

422 2233 611 2273 perciperet.
645 2231 706 2263 Sed
727 2231 780 2263 ille
801 2235 837 2262 ad
858 2235 966 2262 nullam
986 2235 1119 2262 sinodum
1138 2235 1183 2261 vel
1204 2235 1245 2261 ad
1264 2234 1360 2261 sedem
1379 2234 1565 2268 apostolicam
1583 2241 1697 2262 vocem
1719 2234 1830 2272 postea
1851 2234 2068 2261 reclamationis

422 2290 466 2315 vel
483 2289 667 2322 repetitionis
682 2285 720 2316 de
737 2289 807 2314 sede
822 2285 976 2316 Remensi
992 2289 1051 2316 aut
1066 2286 1105 2316 de
1122 2285 1234 2316 ordine
1251 2295 1309 2315 suo
1325 2284 1446 2315 emisit.
1480 2284 1543 2321 Qui
1559 2284 1670 2320 etiam,
1690 2288 1867 2325 postquam
1891 2295 1939 2314 res
1961 2287 2067 2324 gestas

2094 2079 2121 2097 30

422 2339 522 2369 Leoni
549 2349 653 2380 papae
681 2338 895 2369 referentibus
921 2338 1081 2380 episcopis
1106 2342 1140 2378 et
1166 2337 1326 2379 regalibus
1358 2337 1490 2379 insuper
1522 2336 1669 2378 epistolis
1694 2337 1856 2368 ordinatio
1884 2337 2066 2374 Hincmari,
2094 2344 2120 2362 ³³

421 2392 552 2433 quando
574 2391 647 2422 fidei
666 2402 795 2432 quoque
815 2402 892 2423 suae
912 2395 1060 2422 tenorem
1078 2391 1221 2422 Romam
1243 2391 1343 2427 misit,
1363 2394 1434 2421 rata
1453 2394 1503 2421 est
1521 2401 1598 2422 cum
1618 2389 1789 2431 largitione
1810 2389 1900 2431 pallii
1919 2400 2066 2431 compro-

422 2445 511 2481 bata,
539 2456 594 2485 per
618 2445 762 2485 quinque
787 2445 915 2475 circiter
938 2456 1103 2475 annorum
1126 2443 1287 2475 curricula
1311 2444 1528 2485 supervixisse
1554 2444 1657 2474 fertur
1682 2443 1717 2474 in
1741 2454 1872 2484 corpore
1899 2454 2001 2484 usque
2025 2443 2066 2474 ad

424 2509 550 2529 annum
572 2497 722 2528 videlicet
744 2497 977 2528 incarnationis
999 2498 1182 2528 dominicae
1206 2497 1372 2530 DCCCLI.

515 2594 626 2620 »ΞΛΜ-ὄις
650 2595 710 2626 Req.
725 2595 785 2619 204.
