2220 3192
50 784 77 804 10

49 1047 76 1069 15

48 1314 77 1334 20

49 1579 76 1599 25

48 1845 76 1866 80

49 2163 76 2184 85

50 2385 78 2404 40

51 2676 79 2696 45

671 206 858 233 HINKMAR
878 206 955 233 VON
976 205 1096 232 REIMS
1117 206 1177 232 136.
1709 203 1746 233 91

102 296 170 328 De⁸
186 296 360 328 manifesta
374 299 489 328 autem
504 299 538 327 et
553 300 632 327 nota
648 296 800 338 plurimis
813 306 912 327 causa
926 295 980 327 vel
993 306 1078 337 quae
1093 295 1140 327 ita
1154 293 1355 326 confiteturb
1370 298 1409 326 ut
1424 294 1499 332 ista,
1516 294 1542 326 si
1557 297 1671 326 tamen
1688 294 1749 325 itac

101 352 135 380 et
144 352 157 368 ⁰
168 348 278 390 puella
287 352 300 368 ⁰
311 349 442 387 dixerit,
457 353 496 380 ut
509 348 697 391 Stephanus
710 349 894 391 profitetur,
907 348 985 390 quia
999 359 1095 390 saepe
1108 348 1193 380 inter
1208 347 1369 380 masculos
1381 348 1536 379 audimus
1549 350 1582 379 et
1596 347 1746 384 feminas,

102 402 180 443 quia
198 402 287 443 quod
305 402 388 433 alter
406 402 496 440 dicit,
515 401 598 433 alter
617 413 851 444 saepenumero
870 402 1025 443 denegat:
1045 413 1111 433 non
1131 405 1210 432 sunt
1228 401 1406 442 quaerendi
1425 404 1536 438 testes,
1556 404 1595 432 ut
1614 404 1748 432 sanctus

100 454 293 488 Ambrosius
318 453 378 486 ind
402 454 540 497 epistola
571 455 613 486 ad
640 455 845 487 Corinthiose
869 455 978 492 dieitl,
1004 455 1044 486 de
1076 455 1284 486 fornicatore¹
1316 452 1499 496 exponensf
1529 451 1749 485 sententiamf

102 507 276 550 apostolia:
305 511 420 542 Iudicis,
443 508 550 548 inquit
558 515 580 540 ἕ,
603 520 660 538 non
681 515 725 538 est
745 512 805 538 sine
827 515 991 538 accusatore
1012 511 1157 542 damnare,
1181 511 1248 545 quia
1268 515 1298 537 et
1319 511 1460 537 Dominus
1481 510 1594 542 Iudam,
1617 519 1681 537 cum
1703 510 1749 536 fui·

99 567 185 595 esset,
206 564 274 597 quia
294 573 351 590 non
371 569 415 589 est
435 568 595 595 accusatus,
617 565 732 591 minime
753 565 866 595 abiecit,
887 565 1001 597 cognito
1021 572 1104 598 opere
1123 565 1180 590 isto
1200 564 1363 598 pellendum
1382 564 1463 590 illum
1490 564 1576 590 fuisse
1602 563 1637 590 de
1665 568 1748 590 coetu

100 617 303 647 fraternitatum
322 625 420 642 omnes
438 617 514 642 enim
532 617 638 643 crimen
655 618 716 643 eius
734 617 862 643 sciebant
880 620 910 643 et
927 625 984 642 non
1003 617 1169 650 arguebant.
1190 617 1305 643 Publice
1322 618 1399 643 enim
1416 625 1570 643 novercam
1587 625 1669 643 suam
1686 617 1748 643 loco

100 671 196 697 uxoris
213 669 348 696 habebat.
366 669 401 695 In
420 677 476 703 qua
492 678 521 695 re
539 678 630 703 neque
647 670 769 695 testibus
787 678 858 703 opus
875 673 937 696 erat
953 677 1045 703 neque
1062 670 1294 703 tergiversatione
1312 670 1409 704 aliqua
1426 673 1540 704 poterat
1557 670 1614 704 tegi
1632 670 1747 696 crimen.

98 720 161 752 Eth
176 719 275 761 paulo
291 719 398 761 post-2:
416 722 525 748 Absens
539 722 620 753 facie,
636 731 768 756 praesens
783 726 881 748 autem
895 723 1068 748 auctoritate
1082 723 1207 756 spiritus,
1225 723 1272 756 qui
1287 731 1429 756 nusquam
1444 723 1535 754 abest,
1550 723 1609 749 iam
1622 723 1747 749 iudicavi

100 780 134 803 ut
153 784 286 810 praesens
305 784 381 806 eum,
403 775 451 809 qui
471 775 524 801 hoc
544 770 688 803 admisith.

198 826 424 867 Quapropter¹
441 835 568 856 necesse
584 829 644 863 est,
662 829 699 856 ut
716 824 903 866 Stephanus
919 823 1064 865 puellam
1079 824 1222 855 adducat
1236 825 1278 855 ad
1294 825 1459 865 synodum
1481 828 1514 856 et
1530 829 1623 866 pater
1645 825 1748 867 ipsius

100 878 229 921 puellae
240 878 353 909 veniat
366 882 400 909 et
419 878 636 919 interrogetur
656 877 777 920 puella,
792 878 818 909 si
829 887 946 909 verum
959 880 1019 915 est,
1032 877 1121 918 quod
1134 876 1322 918 Stephanus
1333 877 1415 908 dicit
1435 889 1467 909 se
1487 877 1579 910 illam
1590 879 1749 910 haetenus

99 942 241 964 servasse
262 931 434 963 intactam.
453 931 499 962 Et
517 931 694 972 quoniamk
713 932 754 963 de
771 930 874 962 altera
896 930 1018 961 femina
1038 930 1238 967 audivimus,
1258 930 1336 971 quia
1355 930 1469 961 volens
1489 930 1615 963 liberari
1634 943 1653 963 a
1672 943 1749 963 oon-

99 986 173 1026 iuge
189 995 343 1026 persuasa
361 995 457 1026 super
474 995 506 1016 se
521 984 642 1025 aliqua,
658 994 743 1025 quae
759 994 825 1015 non
842 986 961 1020 erant¹‚
987 987 1024 1014 ut
1042 983 1154 1021 fertur,
1172 983 1265 1014 iamm
1280 983 1430 1021 dixeritk,
1446 983 1556 1015 debita
1573 984 1601 1016 ei
1618 983 1749 1016 libertas

99 1038 266 1070 tribuatur
289 1042 322 1069 et
344 1036 528 1079 periculum
550 1037 722 1075 indicetur,
746 1048 786 1068 ne
809 1047 963 1078 persuasa
986 1047 1045 1077 pro
1066 1036 1206 1067 veritate
1230 1037 1439 1068 mendacium
1461 1037 1634 1068 fateaturn.
1656 1038 1700 1069 Et
1723 1038 1749 1069 si

100 1091 221 1123 dixerit
234 1091 282 1123 ita
297 1094 335 1122 ut
350 1090 548 1132 Stephanus,
562 1094 655 1128 tunc,
671 1091 697 1122 si
711 1101 838 1122 necesse
853 1090 963 1127 fuerit,
977 1089 1154 1121 credulitas
1167 1089 1288 1120 rationi
1302 1093 1334 1120 et
1347 1090 1541 1121 auctoritati
1553 1091 1749 1122 conveniens

101 1148 325 1176 sacramento⁰
355 1144 472 1175 exinde
503 1144 702 1185 suscipiatur
730 1143 784 1174 vel
806 1153 862 1184 per
884 1143 1137 1175 convenientem
1160 1153 1335 1184 personam
1358 1143 1551 1180 satisfactio,
1576 1143 1601 1173 si
1625 1143 1671 1174 ita
1695 1154 1749 1174 ne-

100 1198 234 1230 cessitas
253 1197 365 1238 exigit,
386 1197 505 1228 iudicio
525 1201 732 1238 expetatur-1³,
752 1196 830 1237 quia
851 1207 917 1227 non
937 1207 995 1237 pro
1015 1196 1088 1227 dolo
1109 1206 1214 1237 neque
1234 1207 1292 1237 pro
1312 1196 1376 1227 alia
1394 1195 1542 1237 qualibet
1560 1206 1659 1227 causa
1679 1195 1749 1227 Ste-

101 1252 231 1293 phanus
248 1262 280 1282 se
296 1261 315 1281 a
331 1249 455 1281 carnali
468 1250 587 1291 copula
603 1249 731 1291 puellae
745 1249 844 1281 huius
861 1249 1062 1281 subtraxerit
1079 1249 1142 1280 nisi
1159 1260 1217 1290 pro
1235 1260 1284 1287 ea,
1300 1255 1421 1290 quamq
1439 1249 1509 1290 ipse
1526 1249 1649 1290 synodo
1666 1249 1750 1280 indi-

99 1305 198 1342 cavit,
223 1303 390 1335 videlicet?
420 1303 497 1344 quia
522 1314 600 1334 cum
625 1302 753 1345 puellae
778 1303 839 1334 sibi
862 1303 1078 1344 desponsatae
1101 1302 1344 1343 consanguinea
1370 1306 1403 1334 et
1426 1302 1533 1333 carnis
1555 1303 1749 1344 cognatione

101 1357 287 1399 propinqua
306 1355 479 1388 carnaliter
498 1356 739 1388 concubuerit&

194 1410 265 1442 Hoc
285 1410 375 1441 enim
394 1413 529 1441 sanctus
548 1410 613 1441 Leo
634 1409 743 1451 papa³
762 1412 794 1440 et
813 1409 947 1440 beatuss
968 1408 1161 1449 Gregorius4
1180 1408 1214 1439 in
1234 1419 1267 1439 re
1286 1408 1403 1439 dubiat
1421 1419 1440 1439 a
1462 1407 1640 1450 presbitero
1659 1408 1713 1440 vel
1729 1419 1749 1440 a

99 1463 246 1505 quolibet
270 1467 342 1494 tam
365 1463 434 1494 viro
458 1473 561 1503 quam
587 1463 708 1494 femina
734 1462 834 1494 nobili
857 1461 910 1493 vel
934 1461 1068 1503 ignobili
1093 1469 1168 1503 peru
1193 1465 1439 1493 sacramentum
1464 1460 1533 1493 fieri
1559 1462 1749 1493 manifestev

100 1517 293 1554 decernunt,
313 1516 397 1547 siout
415 1516 473 1557 qui
492 1515 594 1557 legere
612 1516 753 1547 voluerit
772 1515 917 1546 invenire
935 1514 1074 1553 valebit;
1094 1515 1200 1546 interW
1218 1518 1325 1546 cetera
1343 1515 1472 1546 dicente
1490 1514 1586 1546 beato
1607 1515 1749 1546 iuniorex

100 1569 273 1611 Gregoriow
288 1569 322 1600 in
337 1568 475 1611 epistola
491 1577 565 1611 pery
579 1568 792 1600 Denualdum
807 1568 1035 1610 presbyterum
1048 1568 1190 1599 directay
1203 1568 1245 1600 ad
1261 1568 1489 1599 Bonifaoiumz
1506 1567 1750 1609 Mogontinumz

100 1622 328 1664 episcopum⁵z
348 1623 387 1654 In
404 1633 514 1659 causa,
533 1622 713 1663 inquiens2,
729 1622 764 1653 in
778 1632 844 1663 qua
862 1625 931 1652 certi
948 1633 1005 1650 non
1023 1624 1147 1651 fuerintb
1165 1627 1262 1656 testes,
1281 1625 1329 1658 qui
1347 1625 1472 1651 criminis
1488 1624 1572 1651 inlati
1589 1624 1750 1659 approbent

101 1681 262 1711 veritatem,
278 1678 485 1706 iusiurandum
500 1680 555 1705 erit
570 1679 598 1704 in
616 1678 718 1709 medio,
734 1682 764 1704 et
779 1678 859 1704 illum
875 1681 978 1704 testem
995 1678 1140 1712 proferatc
1156 1678 1330 1706 accusatus
1345 1677 1380 1704 de
1396 1678 1575 1704 innocentiae
1591 1686 1658 1704 suae
1674 1678 1749 1711 puri-

103 1736 173 1764 tate,
192 1734 236 1760 cui
253 1729 344 1759 ‘nuda
361 1736 392 1758 et
409 1735 508 1766 aperta
526 1735 594 1758 sunt
612 1729 728 1762 omnia’‚
746 1727 929 1768 habeatque
946 1728 1164 1759 conscientiae
1182 1738 1259 1759 suae
1275 1731 1423 1764 test-eme,
1449 1738 1551 1768 quem
1566 1727 1699 1758 habebit
1717 1731 1750 1759 et

98 1783 252 1814 iudicem.
275 1785 352 1817 Quae
369 1785 539 1812 sacramenti
556 1785 688 1819 purgatio
703 1787 733 1810 et
748 1785 777 1810 in
793 1784 988 1811 ecclesiasticis
1004 1788 1035 1810 et
1056 1784 1086 1810 in
1101 1784 1206 1810 exteris
1221 1783 1348 1818 legibusd
1365 1784 1555 1810 usitatissima
1570 1787 1600 1810 et
1615 1784 1668 1810 dee
1685 1783 1749 1809 fidei

98 1840 221 1866 veritate
236 1839 325 1865 etiam
340 1848 357 1864 a
372 1839 471 1872 primis
486 1838 605 1864 saeculis
620 1847 679 1864 esse
696 1841 810 1864 constat
824 1841 933 1864 exorta.
950 1834 1117 1865 Iudicium
1131 1838 1247 1866 autem
1262 1834 1393 1865 nonnisi
1410 1844 1468 1875 pro
1485 1834 1575 1875 pacis
1589 1834 1750 1865 caritatis-

187 1980 211 2008 Β)
227 1977 278 2002 Von
293 1978 353 2002 and.
370 1978 449 2002 Hand
463 1985 487 2001 α.
506 1977 547 2001 R:
563 1978 602 2001 De
619 1977 758 2001 manifesta
773 1980 799 2001 et
816 1980 879 2001 nota
895 1977 1013 2008 plurimis
1029 1984 1108 2000 causa
1126 1976 1162 2004 B,·
1185 1976 1238 2000 hier
1254 1977 1308 2000 und
1323 1979 1391 2000 &onst
1414 1976 1553 2000 wiederholt
1573 1976 1749 2006 Umetellunqs·

101 2022 206 2048 zeichen.
225 2022 264 2047 die
281 2022 365 2053 jedoch
381 2022 424 2053 sv't'r
440 2022 487 2046 den
504 2021 669 2046 ordentliclzen
689 2021 751 2045 Text
773 2021 958 2051 bedeutunqslos
980 2020 1122 2045 erecheinen
1140 2021 1169 2045 C.
1273 2019 1297 2050 h)
1317 2023 1421 2044 constat
1440 2020 1473 2044 D.
1577 2022 1601 2051 c)
1620 2023 1647 2044 et
1668 2020 1750 2051 (ilber-

101 2067 208 2098 ςεεοῆν.)
219 2066 305 2098 puella
314 2067 353 2090 ita
363 2066 396 2090 D.
483 2065 507 2096 d)
526 2069 584 2090 stati
602 2067 628 2090 in
642 2080 671 2083 —
681 2066 793 2097 apostoli
808 2065 850 2096 (Z.
860 2066 892 2096 5)
913 2073 975 2089 nur:
991 2066 1055 2089 dicit
1068 2065 1101 2089 D.
1187 2066 1211 2095 a)
1233 2065 1399 2089 Chorinthios
1420 2065 1452 2089 B.
1538 2062 1558 2094 ί)
1579 2064 1751 2088 fornicatione

101 2112 258 2136 sententiam
278 2118 412 2142 exponens
433 2110 462 2135 C.
550 2112 573 2141 g)
595 2111 702 2142 inquam
724 2110 758 2138 C,·
779 2110 837 2140 fehlt
859 2110 892 2134 D.
982 2108 1006 2140 h)
1021 2109 1056 2133 Et
1069 2123 1098 2127 —-
1108 2109 1215 2133 admisit
1230 2109 1272 2140 (Z.
1284 2109 1330 2139 10)
1344 2109 1403 2140 fehlt
1416 2109 1449 2133 D.
1534 2106 1553 2139 ι)
1567 2108 1600 2133 Δ.
1616 2108 1646 2132 R.
1660 2111 1709 2132 rot:
1722 2108 1750 2132 II

103 2157 137 2186 (s.
150 2155 211 2180 oben
229 2155 256 2180 S.
268 2156 300 2181 90
310 2155 339 2180 Z.
354 2156 413 2186 41s.
432 2154 487 2179 Var.
501 2155 531 2184 b)
548 2155 578 2179 B.
680 2153 706 2185 k)
720 2155 844 2185 quoniam
858 2168 887 2172 —
897 2154 993 2178 dixerit.
1008 2154 1050 2185 (Z.
1061 2153 1112 2184 14)
1126 2153 1185 2184 fehlt
1197 2153 1230 2178 D.
1254 2153 1281 2178 S.
1296 2156 1374 2178 umen
1389 2153 1444 2177 Var.
1461 2162 1487 2178 n.
1594 2151 1612 2183 ¹)
1628 2155 1705 2177 erunt
1721 2152 1750 2177 C.

101 2202 134 2230 m)
150 2201 188 2224 ita
203 2200 232 2224 Ο.
318 2202 343 2230 ¹¹)
359 2199 422 2223 Hier
437 2199 495 2230 lolqt
510 2200 570 2230 (vql.
583 2199 642 2223 oben.
653 2199 682 2223 Z.
694 2200 726 2224 13
733 2199 752 2230 Ι.
765 2199 818 2223 und
831 2198 885 2223 Var.
898 2198 943 2228 k).·
959 2198 998 2222 De
1014 2198 1096 2222 altera
1106 2198 1176 2222 enim
1188 2197 1286 2222 femina
1298 2198 1454 2225 audivimus,
1468 2198 1529 2229 quia
1541 2197 1630 2222 volens
1649 2197 1750 2221 liberari

101 2252 117 2268 a
133 2245 241 2275 coniuge
257 2252 379 2275 persuasa
397 2251 472 2275 super
490 2252 516 2268 se
534 2243 629 2275 aliqua,
643 2251 693 2274 que
710 2251 763 2267 non
778 2246 860 2269 erant.
879 2244 931 2267 iam
947 2243 1042 2266 dixerit
1054 2242 1087 2267 D.
1176 2244 1199 2272 ⁰)
1223 2245 1415 2266 sacramentum
1428 2242 1461 2266 D.
1547 2244 1572 2272 Β)
1587 2243 1708 2273 expiatur
1721 2241 1750 2265 C.

101 2290 125 2319 ¹1)
149 2296 215 2319 quae
240 2289 271 2313 Β.
356 2291 378 2319 ¹')
402 2288 522 2312 videlicet
536 2288 744 2312 —coneubucrit
768 2287 811 2318 (Z.
822 2287 870 2317 21)
894 2287 953 2317 fehlt
974 2287 1008 2311 D.
1105 2288 1126 2317 Β)
1147 2290 1253 2310 sanctus
1272 2287 1305 2311 D.
1392 2286 1410 2317 t)
1433 2287 1466 2311 A.
1482 2286 1514 2311 R.
1527 2293 1574 2310 von
1586 2286 1646 2311 and.
1660 2286 1750 2310 Hand:

101 2333 133 2357 de
145 2341 172 2357 re
185 2333 265 2357 dubia
280 2333 312 2357 B.
430 2334 455 2363 u)
473 2332 544 2356 Fehzt
557 2333 589 2356 D.
712 2334 737 2361 v)
756 2331 827 2356 Femt
839 2331 872 2355 D.
992 2333 1020 2362 W)
1042 2331 1093 2356 Sed
1105 2334 1132 2355 et
1145 2331 1229 2355 iunior
1247 2331 1384 2362 Gregorius
1396 2331 1425 2355 Ο.
1547 2332 1571 2361 Χ)
1589 2330 1660 2355 Fehlt
1674 2330 1704 2357 B,
1717 2330 1750 2354 D.

101 2379 126 2407 y)
138 2385 183 2408 per
197 2391 226 2395 —
236 2377 335 2401 directa
346 2376 404 2407 fehlt
415 2377 448 2401 D.
534 2379 556 2407 z)
568 2377 742 2407 Augustinum
756 2376 897 2407 Anglorum
912 2375 942 2403 B,
955 2375 988 2400 D.
1056 2377 1080 2405 a)
1091 2375 1161 2400 Fehlt
1169 2375 1202 2399 D.
1295 2374 1319 2406 b)
1332 2375 1438 2400 fuerunt
1446 2375 1475 2399 Ο.
1559 2376 1582 2405 ⁰)
1596 2375 1711 2406 proferat
1722 2388 1751 2391 —

102 2424 195 2445 testem
211 2422 302 2452 (umen
313 2421 342 2446 Z.
353 2422 401 2451 28)
414 2422 459 2451 auf
473 2422 528 2446 dem
540 2424 642 2445 unteren
658 2421 688 2444 R.
703 2429 749 2444 von
761 2420 860 2451 yleiclzz.
874 2420 954 2444 Hand
967 2420 1087 2450 nachaetr.
1101 2419 1130 2444 G.
1200 2418 1225 2450 d)
1239 2420 1383 2451 legionibus
1399 2419 1428 2444 0.
1515 2421 1538 2449 θ)
1553 2419 1624 2443 Fehlt
1640 2419 1669 2443 C.

193 2537 218 2568 l)
237 2535 360 2561 Ambros.
386 2539 523 2561 comment.
550 2536 579 2561 in
605 2536 681 2569 epist.
702 2535 726 2560 I.
745 2535 781 2560 ad
799 2535 859 2560 Cor.
879 2535 904 2565 5,
923 2534 949 2564 2,
968 2534 1064 2567 Miyne
1082 2535 1125 2565 17,
1144 2534 1205 2560 219,
1300 2535 1327 2566 2)
1348 2534 1495 2560 Commeat.
1522 2534 1552 2559 in
1572 2534 1648 2567 epist.
1670 2533 1694 2558 I.
1715 2532 1750 2558 acl

104 2580 163 2605 Gor.
184 2580 210 2610 5,
230 2580 310 2611 3—5,
331 2580 427 2613 Miyne
446 2580 489 2609 17,
509 2580 570 2605 219.
691 2580 718 2611 3)
735 2579 791 2612 Vql.
819 2579 884 2605 oben
903 2579 931 2604 S.
945 2578 980 2604 90
1006 2579 1041 2605 A.
1054 2578 1079 2604 3.
1199 2580 1227 2610 4)
1247 2578 1276 2604 S.
1298 2582 1381 2604 umen
1403 2579 1433 2604 Z.
1447 2579 1482 2604 24
1495 2579 1523 2612 ff.
1643 2578 1671 2608 5)
1692 2577 1748 2610 Vql.

107 2623 371 2656 Bonifatius-Briele
395 2624 444 2650 Nr.
459 2624 502 2654 26,
527 2624 592 2650 ΜΘ.
617 2624 706 2657 Epist.
730 2624 776 2649 sel.
801 2623 827 2651 Ι,
840 2623 873 2648 45
891 2623 948 2650 und
964 2623 998 2648 A.
1013 2623 1029 2648 4
1048 2623 1140 2656 (J.-E.
1154 2623 1252 2656 2174).
1271 2623 1323 2648 Die
1340 2623 1434 2648 Lesart
1451 2623 1574 2649 criminis
1590 2622 1672 2648 inlati
1689 2624 1750 2647 stan

105 2669 213 2694 crimini
228 2668 328 2699 inlato,
351 2669 434 2694 allein
453 2669 482 2694 in
497 2669 543 2694 der
561 2669 611 2694 Hs.
631 2668 726 2694 Berlin
742 2667 824 2694 Phili.
839 2668 908 2693 1741
925 2667 1046 2693 Reimser
1061 2667 1235 2697 Provenienz,
1253 2668 1277 2693 9.
1291 2667 1350 2698 Jh.‚
1364 2667 1523 2699 uberliesert,
1543 2667 1592 2699 leyt
1611 2665 1750 2691 besmzders

103 2720 185 2745 enqen
203 2713 440 2746 Zusammenhanq
457 2713 503 2738 des
516 2713 738 2738 Hinkmartextes
756 2712 805 2737 mit
824 2712 866 2737 ihr
885 2711 962 2737 nahe.
982 2711 1011 2737 S.
1031 2711 1101 2737 auch
1122 2712 1220 2744 Tanyl,
1234 2712 1325 2737 Neues
1337 2711 1439 2737 Archiv
1457 2711 1500 2740 41,
1521 2711 1562 2736 72.
1582 2710 1625 2736 87.
1645 2725 1679 2728 -
1697 2709 1749 2735 Die

103 2756 199 2789 qleictze
217 2757 296 2783 Stelle
314 2757 381 2782 wirtl
398 2766 449 2783 von
468 2757 615 2787 Hinkmar,
635 2757 674 2782 De
692 2757 786 2782 divort.
807 2756 897 2781 interr.
925 2756 950 2786 6,
970 2756 1066 2788 Miyne
1084 2756 1146 2786 125,
1165 2756 1218 2782 660
1235 2756 1438 2788 heranqewqeu,
1465 2755 1550 2780 wolzer
1573 2754 1640 2780 auch
1669 2757 1749 2779 anien

102 2800 131 2826 Z.
145 2801 205 2833 29j.
234 2801 422 2827 iibernommen
447 2801 489 2827 ist.

1487 2851 1536 2877 12*

1774 295 1847 325 860.

1763 727 1813 752 Vgl.
1823 728 1844 748 1.
1852 726 1903 748 Cor.
1912 727 1961 752 5‚3.

1768 1736 1838 1757 Hebr.
1849 1736 1871 1761 4,
1882 1736 1917 1757 13.
