2220 3192
351 310 423 338 863.

245 1928 295 1952 vgl.
311 1928 368 1948 Gen.
379 1926 436 1949 6,5.

451 216 510 245 126
1014 208 1200 236 HINKMAR
1220 207 1297 233 VON
1318 205 1437 232 REIMS
1460 205 1518 231 160.

457 307 518 344 Qui
538 303 716 336 ordinavit¹
738 301 927 332 Grimonem
945 299 980 329 in
997 298 1233 337 Rotomagovet
1253 294 1472 326 Hartbertum
1490 293 1525 324 in
1545 292 1714 324 Senonum
1733 292 1898 333 aiedingo.
1928 292 1969 323 In
1986 292 2090 324 Remo

449 362 561 390 autem
581 361 614 388 et
633 357 666 387 in
687 354 819 390 Treviri,
839 363 921 393 quas
942 350 1019 382 Milo
1035 368 1079 373 -—
1096 353 1244 385 tonsura,
1266 358 1331 378 non
1349 347 1420 378 vita
1438 345 1574 377 clericus
1589 365 1633 368 —
1651 348 1870 387 occupaverat
1879 345 1902 382 2,
1923 345 1958 376 in
1977 345 2091 376 diebus

446 412 522 447 suis,
546 414 581 441 ut
600 408 742 450 episcopi
761 407 795 437 in
814 406 860 437 eis
878 404 1118 439 ordinarentur,
1137 401 1285 443 optinere
1306 410 1371 431 non
1391 399 1514 441 potuit.
1544 399 1662 430 Postea
1679 408 1755 429 vero
1774 399 1947 430 Wiomado
1968 398 2090 430 Treviri

446 465 593 495 ordinato
609 461 759 502 episcopo
773 459 897 490 Remus
913 467 969 499 per
985 455 1094 498 plures
1108 465 1212 486 annos
1229 456 1358 495 pastore
1371 453 1515 489 vacavit,
1530 452 1689 493 quoniam
1704 451 1801 483 rebus
1816 452 1920 493 ipsius
1935 452 2091 493 episcopii

445 514 577 547 divisis³
591 526 609 545 a
627 513 746 544 Milone
763 522 818 553 per
835 510 918 542 filios
933 513 966 540 et
981 508 1129 540 homines
1145 518 1231 544 suos,
1246 517 1329 548 quos
1345 506 1509 547 Pippinus
1523 516 1602 537 cum
1615 504 1782 536 beneficiis
1798 504 1862 536 illis
1877 505 1964 536 datis
1979 505 2092 536 eodem

448 570 564 600 Milone
580 569 711 608 petente
725 565 759 596 in
775 574 893 596 manus
908 573 983 594 suas
997 561 1130 604 recepit,
1145 561 1265 592 donec⁸
1278 559 1439 590 instantia
1454 558 1587 590 Fulradi
1596 558 1609 577 4
1622 557 1753 590 abbatis
1767 558 1926 600 sapientis
1939 561 1973 589 et
1986 558 2091 589 sancti

448 620 599 663 praeclari
618 617 806 651 monasterii
822 616 910 648 beati
925 615 1075 656 Dyonisii
1093 614 1246 645 restituta
1263 613 1408 654 quadam
1427 616 1520 653 parte
1537 615 1665 643 rerumb
1686 637 1691 642 .
1709 637 1714 642 .
1731 637 1736 642 .
1757 618 1831 642 umc
1848 611 1913 653 ipsi
1930 611 2090 648 ecclesiae,

446 676 477 705 in
503 685 568 714 qua
594 683 675 714 pene
699 671 807 702 omnis
831 669 995 710 religionis
1019 667 1174 699 desolatio
1200 669 1233 697 et
1259 665 1514 707 [ecc]lesiarum⁴¹
1538 669 1639 706 atque
1663 664 1889 696 aedificiorum
1914 665 2092 696 destructio

446 736 676 768 usquequaque
690 724 930 763 incre[ve1·]at‘¹,
942 724 1110 753 annuente
1119 719 1336 752 Carlomanno
1348 719 1506 760 principe,
1519 722 1594 760 post
1605 728 1747 760 parvum
1760 722 1895 760 tempus
1910 718 2092 758 [de]functo

445 784 477 811 et
492 781 527 811 in
542 778 673 810 basilica
690 777 795 808 sancti
809 775 951 817 Remigii
967 774 1129 817 sepulto5,
1148 773 1298 814 Tilpinus
1315 772 1455 814 praefati
1473 771 1709 812 mo[n]asterii·³
1725 771 1833 802 sancti
1846 771 1997 812 Dyonisii
2012 774 2093 802 tunc

446 832 650 875 praepositus
670 831 720 862 vir
740 829 835 861 valde
856 828 1024 870 religiosus
1045 829 1077 868 [a
1099 827 1239 867 i]uniore
1262 825 1458 857 Genebaudo
1482 825 1695 857 Laudunensi
1716 824 1880 866 episcopo,
1904 827 1942 855 ut
1963 824 2091 861 aetatis,

445 888 491 918 ita
515 889 547 916 et
570 883 784 923 sanctita[tis]
809 885 980 924 provectae
1002 881 1146 918 homine,
1169 891 1247 911 cum
1269 879 1469 920 quibusdam
1491 878 1693 920 coepiscopis
1713 877 1898 909 Remorum
1921 877 2092 915 dioceseos,

443 939 500 981 qui
521 940 749 970 remanserunt
769 947 787 967 a
808 935 1033 967 destitutionis
1054 937 1144 976 peste
1165 933 1199 964 in
1220 933 1288 964 suis
1309 932 1488 973 [e]cclesiis,
1507 931 1691 963 Remorum
1713 935 1762 962 est
1781 931 1954 962 ordinatus
1975 934 2092 962 metro—

446 992 611 1034 politanus
631 990 834 1032 episcopusss.

534 1055 563 1084 9.
588 1053 635 1084 De
655 1063 719 1093 quo
740 1050 919 1093 privilegio,
941 1049 1026 1080 unde
1045 1049 1153 1090 agitur
1173 1059 1214 1079 ex
1233 1047 1432 1089 apostolicae
1459 1047 1543 1078 sedis
1568 1046 1782 1087 delegatione,
1805 1045 1988 1077 Zacharias¹
2008 1056 2094 1087 papa

444 1108 485 1139 ad
506 1106 743 1148 praescriptum
762 1103 978 1135 Bonesacium
996 1102 1138 1133 scribens
1156 1101 1203 1133 ita
1221 1100 1336 1132 dieit'ff:
1358 1105 1397 1130 Et
1415 1105 1493 1137 quja,
1511 1105 1535 1130 si
1553 1103 1669 1129 deberes
1687 1103 1718 1129 in
1737 1102 1925 1129 Baiouuariae
1943 1102 2094 1136 provintia

444 1165 487 1190 ius
502 1164 604 1191 habere
619 1162 848 1196 praedicationis,
862 1160 1024 1190 sciscitasti,
1038 1168 1075 1186 an
1090 1167 1156 1189 non,
1172 1167 1257 1192 quam
1272 1167 1289 1184 a
1303 1157 1447 1184 decessore
1462 1160 1560 1183 nostro
1574 1157 1703 1183 habuisti
1717 1164 1892 1182 concessam:
1907 1164 1958 1182 nos
1972 1156 2094 1189 denique

444 1217 600 1244 auxiliante.
617 1216 676 1241 Deo
692 1215 726 1240 de
742 1212 802 1247 his,
820 1222 891 1247 quae
908 1213 961 1239 tibi
976 1213 1094 1246 largitus
1109 1219 1154 1237 est
1168 1212 1298 1238 decessor
1312 1215 1343 1237 et
1357 1211 1555 1245 praedecessor
1570 1215 1677 1241 noster,
1692 1218 1750 1236 non
1766 1210 1931 1240 minuimus
1946 1209 1996 1235 sed
2011 1217 2093 1242 auge-

446 1279 516 1297 muS.
537 1270 576 1295 Et
593 1278 649 1295 non
668 1269 759 1294 solum
775 1267 987 1296 Baiouuariam‚
1005 1266 1054 1291 sed
1072 1266 1160 1291 etiam
1178 1268 1311 1291 omnemg
1331 1263 1487 1291 Galliarum
1506 1264 1691 1297 provintiam,
1709 1263 1799 1289 donec
1817 1266 1846 1288 te
1864 1263 1963 1289 divina
1980 1263 2095 1288 iusserit

444 1322 605 1357 superesseh
617 1322 760 1351 maiestas,
770 1324 869 1346 nostra
884 1321 945 1346 viee
962 1328 1011 1353 per
1027 1319 1269 1353 praedicationem
1284 1318 1339 1344 tibi
1354 1318 1523 1348 iniunctam,
1535 1325 1607 1351 quae
1623 1317 1778 1350 reppereris
1796 1319 1895 1342 contra
1905 1316 2096 1342 Christianam

444 1377 605 1410 religionem
624 1375 669 1401 vel
688 1383 828 1401 canonum
845 1374 991 1403 instituta,
1009 1372 1175 1406 spiritaliter
1192 1371 1317 1397 studeas
1336 1371 1372 1397 ad
1390 1379 1520 1397 normam
1538 1370 1718 1397 rectitudinis
1735 1369 1897 1397 reformare.
1914 1366 1959 1397 Et
1976 1365 2093 1398 itemg:

445 1431 484 1456 At
500 1430 548 1455 ubi
564 1429 640 1455 Deus
657 1428 898 1462 praedicationem
915 1430 997 1452 tuam
1013 1426 1110 1456 auxit,
1127 1425 1279 1459 opti[ne]re
1289 1419 1307 1458 i,
1327 1425 1364 1452 ut
1380 1424 1434 1450 tibi
1452 1424 1645 1450 cathedralem
1661 1423 1808 1449 ecclesiam
1826 1423 1871 1448 vel
1888 1421 2095 1449 successoribus

446 1484 502 1509 tuis
522 1481 710 1515 confi[r]mare
730 1481 895 1507 debeamus
913 1481 996 1506 iuxta
1014 1479 1169 1505 eorundem
1189 1478 1311 1504 filiorum
1331 1478 1519 1506 nostrorum
1539 1477 1713 1504 Francorum
1732 1476 1911 1510 petitionem.
1933 1476 1973 1502 Et
1990 1476 2095 1502 idcireo

445 1537 616 1563 auctoritate
638 1535 714 1561 beati
736 1535 813 1560 Petri
833 1533 955 1567 apostoli
975 1533 1127 1563 sancimus,
1148 1535 1182 1558 ut
1201 1531 1401 1565 supradictam
1422 1531 1573 1557 ecclesiam
1595 1530 1796 1564 Mogontinam
1818 1532 1904 1563 atque
1924 1530 2013 1555 etiam
2034 1537 2094 1562 per-

445 1590 538 1623 petuis
554 1588 730 1622 temporibus
746 1587 798 1612 tibi
814 1590 844 1612 et
858 1586 1066 1612 successoribus
1082 1586 1139 1612 tuis
1155 1585 1320 1619 metropolis
1335 1585 1374 1610 sit
1389 1585 1567 1615 confirmata,
1582 1584 1691 1610 habens
1707 1584 1760 1609 sub
1775 1591 1804 1609 se
1820 1583 1871 1609 has
1888 1583 2011 1616 quinque
2028 1582 2094 1608 civi-

447 1646 535 1669 tates:
556 1642 686 1675 Tungris,
707 1640 863 1671 Coloniam,
884 1640 1083 1670 Wormatiam,
1106 1639 1262 1672 Spiratiam
1282 1641 1312 1664 et
1332 1638 1441 1664 Trectis
1461 1641 1492 1664 et
1512 1646 1610 1663 omnes
1633 1637 1802 1663 Germaniae
1823 1639 1932 1670 gentes,
1953 1644 2024 1670 quas
2044 1639 2096 1662 tua

446 1696 611 1722 fraternitas
631 1703 679 1728 per
698 1703 778 1720 suam
798 1693 1039 1727 praedicationem
1059 1692 1164 1719 Christi
1182 1692 1278 1718 lumen
1299 1700 1464 1725 cognoscere
1484 1691 1561 1717 fecit.
1582 1691 1635 1717 His
1655 1700 1672 1717 a
1690 1690 1772 1716 nobis
1792 1689 1917 1716 definitis
1937 1697 1992 1728 per
2012 1689 2095 1714 huius

447 1751 559 1775 nostrae
583 1748 804 1774 confirmationis
826 1748 959 1780 paginam
980 1747 1010 1772 in
1033 1749 1084 1772 tua
1104 1746 1223 1772 ecclesia
1244 1745 1388 1779 perpetuis
1410 1744 1587 1778 temporibus
1609 1752 1660 1777 pro
1682 1744 1726 1769 sui
1749 1743 1962 1770 confirmatione
1986 1751 2094 1768 conser-

447 1802 571 1828 vandam
591 1810 650 1827 esse
671 1800 849 1827 mandamus.

538 1862 583 1891 10.
611 1859 845 1899 Strazbmgum
866 1862 980 1890 autem
1002 1858 1120 1890 idcirco
1142 1857 1177 1888 in
1199 1858 1258 1888 hac
1280 1856 1529 1888 confirmatione
1553 1867 1619 1887 non
1643 1855 1746 1892 misit,
1769 1854 1929 1896 quoniam
1952 1854 2007 1885 issa
2029 1853 2096 1885 sola

451 1925 491 1945 ex
507 1914 645 1954 antiqua
663 1910 946 1953 [c]onstitutione¹³
963 1914 1192 1943 reservata‘est
1211 1910 1405 1951 Mogontiae,
1423 1910 1556 1950 quando
1574 1909 1784 1940 increverunt
1802 1907 1889 1940 mala
1907 1908 1943 1939 in
1959 1911 2045 1938 terra
2063 1911 2096 1938 et

447 1967 590 1999 desolata
601 1970 650 1997 est
661 1966 768 2007 religio
777 1966 959 1997 Christiana
969 1965 1166 2006 quandoque
1178 1963 1396 1995 saecularibus
1408 1963 1476 1994 sine
1487 1966 1638 2004 respectu
1649 1962 1760 1993 divino
1773 1965 1849 1999 quod
1857 1960 1870 1979 ⁹
1883 1964 1952 1992 erat
1962 1964 2059 1990 libitu
2068 1973 2095 1989 m

448 2024 517 2052 erat
531 2024 562 2050 et
577 2024 671 2049 licitu
678 2032 715 2049 m.
738 2019 867 2050 Decreti
881 2023 960 2050 sunt
973 2019 1075 2050 etiam
1088 2018 1193 2049 eidem
1208 2017 1417 2058 Mogontinae
1430 2016 1560 2047 civitati
1575 2019 1734 2057 perpetuo
1749 2014 1888 2046 subiecti
1902 2025 1968 2045 esse
1981 2013 2095 2045 debere

448 2073 589 2115 episcopi
608 2073 647 2103 de
665 2072 816 2109 castellis,
835 2072 870 2102 in
888 2072 1008 2113 quibus
1025 2083 1081 2113 per
1094 2071 1336 2102 ordinationem
1350 2081 1386 2101 ac
1402 2069 1684 2111 deprecationeml
1700 2068 1805 2110 ipsius
1819 2067 2022 2099 Bonefacii¹⁰
2037 2066 2094 2098 Za—

532 2190 556 2217 a)
571 2187 752 2217 Zeilenmzjauq
768 2187 876 2218 rerblasst
895 2188 925 2211 B.
1012 2186 1036 2217 b)
1054 2196 1069 2211 u
1087 2188 1132 2218 auf
1152 2188 1211 2211 Ras.
1232 2187 1262 2211 Β.
1347 2188 1370 2216 ⁰)
1386 2185 1569 2216 Zeilenanjany
1585 2187 1692 2213 zer-short,
1710 2187 1770 2208 ctu-a
1787 2185 1802 2208 3
1821 2183 1923 2208 Buchst.
1940 2184 2048 2207 verloren
2064 2183 2093 2207 Β.

453 2231 478 2262 d)
492 2231 672 2262 Zeilenanjany
687 2234 783 2255 :craton
800 2232 830 2255 B.
916 2234 939 2262 e)
952 2231 1134 2262 Zeile'naujauy
1148 2234 1246 2255 zersto'rt
1263 2231 1293 2255 B.
1390 2229 1410 2260 ⁵)
1428 2230 1585 2254 Zhacharias
1601 2229 1632 2253 B.
1722 2230 1744 2259 g)
1760 2236 1845 2256 omne,
1860 2227 2094 2258 Kurzunqszeichen

449 2276 506 2300 iiber
525 2284 538 2299 e
557 2275 692 2299 verblichen
712 2276 742 2299 B.
838 2274 862 2305 ¹¹)
881 2284 994 2306 superee,
1008 2276 1241 2306 Kit'rzuvqszeichen
1253 2275 1307 2299 sehr
1320 2275 1429 2306 verblasst
1443 2274 1475 2298 Β.
1567 2271 1588 2304 ¹)
1605 2273 1753 2297 Zeilenende
1765 2275 1862 2297 zer-§tort
1877 2272 1908 2297 B.
1994 2270 2020 2302 k)
2038 2271 2092 2295 Zei-

449 2320 584 2350 levzansanq
599 2319 706 2349 verblasst
725 2319 753 2343 B.
847 2318 867 2348 1)
883 2320 1063 2351 depcationem
1086 2320 1116 2344 Β.

562 2408 586 2437 l)
603 2406 658 2439 1⁷95.
680 2406 744 2431 MG.
766 2406 853 2439 Epist.
874 2407 919 2432 sel.
940 2407 966 2437 I,
986 2408 1038 2433 103
1058 2407 1108 2432 Nr.
1122 2408 1156 2433 57
1179 2407 1271 2439 (ιλ-Ε.
1292 2406 1390 2440 2270);
1411 2406 1463 2432 106
1480 2406 1530 2431 Nr.
1544 2406 1578 2431 58
1599 2405 1691 2438 (J.-E.
1709 2404 1806 2437 2271).
1919 2404 1947 2436 2)
1964 2403 2020 2436 1⁷92.
2040 2403 2091 2428 den

452 2450 528 2482 Briej
548 2450 690 2475 Hadriane
709 2450 733 2475 I.
754 2458 790 2475 αη
813 2450 909 2483 Tilpin
936 2459 986 2476 von
1014 2451 1115 2481 Remis,
1143 2452 1206 2477 MG.
1227 2451 1278 2477 SS.
1307 2459 1354 2476 rer.
1376 2451 1479 2476 Merov.
1498 2450 1564 2480 VII,
1587 2450 1633 2479 71:
1653 2449 1718 2475 ΜΘ.
1739 2448 1790 2475 SS.
1812 2448 1903 2478 XIII,
1924 2448 1975 2474 461
1999 2447 2090 2480 (J.-E.

449 2495 552 2527 2411).·
572 2495 667 2520 Miloni
687 2494 799 2520 cuidam
818 2495 877 2520 sola
895 2498 1012 2521 tonsura
1032 2495 1143 2525 clerico;
1164 2496 1254 2521 Neues
1274 2495 1375 2521 Archiv
1391 2495 1434 2525 44,
1451 2495 1486 2520 53
1505 2494 1561 2520 und
1578 2494 1612 2519 A.
1626 2493 1650 2519 2.
1763 2494 1791 2525 3>
1811 2492 1867 2525 Vyl.
1891 2501 1916 2517 a.
1929 2501 1955 2517 a.
1967 2492 1997 2517 O.
2013 2491 2090 2517 Flocl,

450 2539 493 2569 II,
511 2539 554 2569 16,
572 2538 635 2563 ΜΟ.
653 2538 703 2563 SS.
722 2538 812 2568 XIII,
830 2538 896 2563 463:
920 2539 1066 2564 Reniensis
1087 2540 1203 2566 ecelesia
1220 2548 1268 2573 per
1285 2540 1375 2565 multa
1391 2542 1521 2572 tempora
1537 2541 1568 2564 et
1586 2546 1635 2571 per
1652 2537 1757 2563 multos
1777 2545 1865 2563 annos
1884 2537 1943 2562 sine
1959 2537 2092 2570 episcopo

450 2584 514 2612 fuit,
534 2586 563 2607 ot
582 2591 624 2607 res
643 2582 774 2607 ecclesiae
794 2582 827 2607 de
847 2582 894 2607 illo
913 2584 1078 2616 episcopatu
1099 2584 1210 2609 ablatae
1230 2587 1297 2609 sunt
1316 2586 1345 2609 et
1365 2592 1413 2616 per
1432 2583 1518 2609 laicos
1538 2582 1646 2608 divisae
1665 2584 1742 2612 sunt,
1769 2596 1804 2599 —
1830 2596 1873 2606 —.
1989 2581 2017 2612 4)
2034 2580 2090 2612 Vql.

450 2636 475 2651 (ι.
489 2626 556 2651 (LO.
576 2626 652 2651 Flod.
674 2626 717 2655 II,
738 2627 781 2656 17,
804 2626 867 2651 ΜΟ.
888 2626 939 2651 SS.
962 2626 1052 2654 XIII.
1073 2628 1138 2653 463:
1160 2643 1194 2646 —
1214 2643 1247 2646 ——
1268 2628 1402 2661 prebente
1423 2627 1476 2652 tibi
1496 2627 1603 2652 bonum
1624 2626 1820 2651 testimonium
1841 2625 1874 2650 de
1891 2625 2044 2650 sanctitate
2062 2627 2092 2649 et

450 2671 580 2696 doctrina
598 2670 720 2695 Fulrado
738 2670 939 2695 amabilissimo
957 2670 1069 2696 abbate.
1182 2674 1209 2703 5)
1224 2672 1280 2705 Vql.
1296 2672 1444 2701 Hinlcmar,
1462 2671 1513 2696 ‘De
1527 2671 1592 2696 villa
1604 2670 1776 2700 Novilliaco',
1792 2669 1856 2695 MG.
1871 2668 1921 2695 SS.
1936 2668 1995 2699 XV,
2009 2668 2093 2694 1167.—

452 2715 595 2740 basilicam
610 2715 700 2740 sancti
712 2714 841 2746 Remigii,
854 2715 881 2739 in
896 2722 952 2747 qua
963 2718 990 2739 et
1004 2715 1130 2748 sepultus
1143 2720 1199 2743 est:
1215 2716 1282 2741 (Iaza
1292 2716 1369 2741 Flocl.
1382 2715 1426 2746 II,
1438 2716 1480 2745 17,
1497 2715 1561 2740 .MG.
1574 2714 1624 2740 SS.
1637 2714 1728 2744 XIII,
1741 2714 1801 2740 464.
1894 2714 1921 2745 6)
1942 2713 2091 2738 748-794.

452 2761 478 2790 7)
500 2759 563 2784 MG.
585 2758 673 2791 Epist.
694 2758 738 2783 sel,
760 2758 785 2787 J,
806 2758 882 2790 107j.
904 2758 953 2783 ΝΥ.
967 2759 1001 2783 55
1024 2759 1115 2791 (ιλ-Ε.
1130 2760 1226 2792 2271).
1339 2762 1366 2791 S)
1386 2760 1451 2785 ΜΘ.
1472 2759 1561 2792 Epist.
1582 2759 1627 2784 sel.
1648 2759 1673 2789 I,
1694 2758 1746 2784 202
1766 2758 1816 2783 Nr.
1831 2758 1865 2783 88
1887 2757 1978 2790 (J.-E.
1994 2756 2090 2789 2292).

451 2805 478 2834 Sl)
495 2803 550 2835 l'ql.
566 2802 633 2832 Otto,
650 2802 839 2835 ‚sprichuener
854 2811 874 2827 s.
889 2810 911 2827 v.
925 2799 1014 2827 'lic-eff.
1131 2805 1171 2835 10)
1194 2804 1258 2829 ΜΗ.
1278 2804 1365 2837 Epist.
1385 2804 1431 2829 sel.
1452 2804 1477 2834 I,
1497 2804 1530 2829 81
1550 2803 1600 2828 Nr.
1615 2803 1657 2828 50.

2118 779 2146 799 10

2118 1054 2146 1074 15
2203 1036 2212 1041 '¹

2120 1319 2146 1340 20

2119 1585 2146 1605 25

2119 1862 2147 1881 30

2119 2184 2147 2206 ³5

2119 2453 2146 2472 40

2119 2673 2146 2693 45
