2220 3192
469 198 528 226 148
1026 193 1213 220 HINKMAR
1232 192 1309 219 VON
1331 191 1451 218 REIMS
1473 192 1533 218 169.

366 292 438 320 864.
465 286 701 329 praestolanda.
723 286 773 315 Istl
791 284 880 314 enim
898 287 958 319 est,
978 282 1035 322 qui
1054 281 1236 312 secundum
1253 279 1456 311 Ezechielem
1476 280 1672 320 prophetam
1692 284 1838 310 moratur
1857 281 1892 311 in
1910 280 2106 321 gazofflacio,

278 350 442 373 emensum
464 340 563 381 ‘quod
587 338 717 379 respicit
738 337 826 367 viam
852 334 1076 366 meridianam’
1099 337 1151 364 etb
1172 332 1327 364 ‘excubat
1348 332 1384 363 in
1406 332 1563 363 custodiis
1585 331 1725 373 templi'.

553 392 596 422 Et
614 402 670 421 nos
688 388 933 429 metropolitani
949 387 989 418 ad
1005 387 1289 427 comparationem
1306 385 1393 417 illius
1411 396 1537 422 sumus,
1554 386 1613 426 qui
1629 386 1664 416 in
1682 385 1862 416 ministerio
1879 385 2003 423 altaris,
2020 387 2110 428 quod

465 449 514 476 est
534 447 610 474 anto
629 442 744 473 faciem
764 440 890 481 templi,
910 440 945 470 in
963 450 1028 480 quo
1050 450 1161 470 carnes
1183 439 1415 475 incenduntur,
1436 438 1596 469 servimus
1618 442 1651 469 et
1671 439 1907 470 controversias
1928 439 2109 471 carnalium

464 498 497 528 111
522 496 641 527 sinodis
667 493 919 536 provincialibus
943 492 1127 523 laborantes
1160 492 1346 523 dirimimus
1370 495 1403 522 et
1427 491 1465 522 de
1492 491 1667 522 maioribus
1691 503 1727 523 ac
1754 492 1916 523 maiorum
1938 492 2045 524 causis
2067 493 2109 524 ad
2133 503 2146 522 ⁵

256 563 449 586 ruminatum,
464 560 601 580 examen
628 558 774 578 summae
801 546 884 577 sedis
910 545 1075 587 pontificis
1102 549 1177 586 post
1202 545 1362 576 iudicium
1387 544 1522 575 referre1
1546 555 1710 575 curamus.
1740 544 1899 576 Homines
1934 545 2024 577 enim
2049 545 2109 577 sub

303 616 447 638 nattum».
465 605 641 644 potestateo
662 600 764 631 illius⁰
786 598 845 630 sub
868 598 959 630 nobis
980 598 1220 630 commilitones
1247 597 1405 628 habemus
1432 601 1466 628 et
1486 597 1625 628 dicimus
1646 598 1736 629 huic:
1753 597 1863 635 ‘Vade,
1886 601 1919 628 et
1938 598 2045 635 vadit;
2077 603 2110 629 et

463 655 540 686 alio:
561 654 651 689 Veni,
666 657 699 684 et
711 652 823 684 venit'.
852 655 1003 687 Quoniam,
1018 655 1055 682 ut
1066 653 1129 683 Leo
1143 652 1221 682 dicit
1229 651 1253 685 ²,
1267 657 1298 680 et
1309 655 1385 681 inter
1398 654 1580 680 beatissimos
1593 654 1736 688 apostolos
1748 655 1780 680 in
1792 654 1981 681 similitudine
1996 655 2110 681 honoris

462 712 519 737 fuit
535 710 676 744 quaedam
692 710 827 736 discretio
845 709 1007 743 potestatis,
1023 711 1055 735 et
1072 718 1136 735 cum
1153 708 1282 734 omnium
1300 716 1351 741 par
1367 710 1442 733 esset
1457 707 1568 738 electio,
1587 708 1637 734 uni
1654 711 1753 734 tamen
1770 708 1872 734 datum
1887 711 1941 738 est,
1959 711 1993 734 ut
2009 709 2110 734 ceteris

463 764 660 798 praemineret.
680 763 721 788 De
741 771 797 796 qua
813 762 906 789 forma
921 763 1119 795 episcoporum
1138 761 1268 795 quoqued
1284 763 1329 786 est
1345 763 1409 786 orta
1426 760 1576 787 distinctio
1591 764 1623 787 et
1640 769 1743 794 magna
1759 761 1940 787 ordinatione
1954 762 2111 795 provisum,
2136 768 2162 788 1⁰

463 826 497 843 ne
509 825 606 843 omnes
616 816 672 842 sibi
682 817 778 842 omnia
789 815 979 846 vindicarent,
989 815 1039 840 sed
1049 818 1162 841 essente
1172 815 1202 840 in
1213 814 1331 847 singulis
1342 814 1497 847 provinciis
1507 814 1621 847 singuli,
1629 822 1750 847 quorum
1759 815 1835 842 inter
1845 814 1948 842 fratres
1959 815 2112 842 haberetur

464 871 555 904 prima
569 870 713 895 sententia
726 872 757 895 et
771 877 821 902 per
837 877 906 902 quos
922 868 959 894 ad
974 877 1061 894 unam
1075 865 1177 895 beatif
1193 864 1280 895 Petri
1301 866 1399 893 sedem
1414 867 1583 894 universalis
1596 867 1730 893 ecelesiae
1746 876 1813 894 cura
1828 867 1983 894 conflueret
1995 870 2026 894 et
2040 867 2112 894 nihil

463 931 584 957 usquam
602 932 619 949 a
636 931 687 948 suo
706 923 799 956 capite
817 922 976 948 dissideret.
1001 922 1055 952 Qui
1071 930 1137 955 ergo
1155 921 1210 947 scit
1226 929 1255 946 se
1274 920 1447 954 quibusdam
1464 921 1688 954 praepositumss‚
1706 929 1764 947 non
1783 920 1899 947 moleste
1918 918 1998 948 ferre
2016 917 2112 948 debet

463 977 587 1010 aliquem
605 975 661 1001 sibi
678 984 737 1002 esse
758 975 928 1008 praelatum,
942 975 991 1000 sed
1005 974 1228 1006 oboedientiam,
1243 982 1329 1007 quam
1341 974 1442 1007 exigit,
1455 974 1546 1000 etiam
1563 975 1624 1007 ipse
1638 974 1792 1008 dependat.
1820 971 1928 1008 Quam
1941 970 2112 1001 Rothadus

298 1024 450 1077 ‘'mg-,232¹-
464 1038 483 1057 a
505 1027 572 1057 suis
594 1026 718 1066 exigere
743 1026 844 1066 magis
865 1035 967 1065 quam
988 1025 1085 1055 sacris
1106 1024 1224 1065 regulis
1246 1023 1364 1064 sategit
1384 1024 1575 1065 dependere,
1597 1034 1675 1054 cum
1696 1024 1799 1055 etiam
1820 1024 1926 1055 sancti
1947 1023 2053 1064 angeli
2074 1023 2110 1054 in
2133 1033 2160 1054 15

466 1079 553 1111 caelo
575 1078 725 1120 legantur
747 1078 813 1109 suis
835 1077 1015 1120 potioribus
1036 1078 1202 1114 oboedire.v
1217 1076 1261 1108 Et
1282 1077 1352 1108 ideo
1373 1077 1415 1107 ad
1436 1077 1495 1108 hoc
1518 1077 1678 1118 pervenit,
1702 1080 1740 1108 ut
1760 1077 1843 1108 deici
1865 1077 2109 1118 promeruerith.

473 1134 577 1170 Quem
596 1143 651 1173 per
668 1131 776 1173 plures
792 1142 896 1162 annos
912 1135 946 1161 et
962 1130 1126 1161 beneficiis
1144 1130 1301 1172 impensis
1318 1133 1352 1161 et
1371 1130 1505 1161 monitis
1521 1133 1620 1171 atque
1637 1130 1917 1161 obsecrationibus
1935 1141 1991 1172 per
2010 1141 2060 1161 me
2077 1134 2112 1161 et

466 1197 522 1227 pei·
537 1186 744 1227 coepiscopos
766 1195 802 1216 ac
828 1195 884 1225 per
900 1195 1124 1225 quoscumque
1142 1184 1318 1216 familiares
1336 1183 1430 1225 potui
1454 1183 1496 1214 ad
1519 1183 1758 1215 oboediendum
1775 1183 1872 1214 sacris
1889 1183 2007 1224 regulis
2022 1194 2110 1214 com-

468 1249 597 1270 monere
619 1238 742 1269 curavi.
769 1238 961 1269 Multotiens
983 1237 1084 1268 etiam
1107 1241 1140 1268 et
1164 1248 1220 1278 per
1244 1237 1369 1268 litteras
1394 1236 1665 1278 metropolitanas
1688 1241 1722 1268 et
1744 1247 1785 1268 ex
1807 1236 2005 1278 apostolicae
2028 1237 2111 1267 sedis

465 1293 661 1323 auctoritate
684 1292 789 1323 minas
809 1291 837 1322 ei
859 1290 1020 1322 inculcare
1040 1291 1152 1322 curavi
1173 1294 1206 1321 et
1226 1301 1267 1320 ex
1288 1289 1438 1322 lectione¹
1458 1289 1705 1327 catholicorum,
1727 1301 1829 1331 quam
1848 1290 1990 1331 graviter
2010 1289 2111 1321 offen·
2135 1301 2162 1321 20
2206 1287 2213 1311 f

465 1345 573 1382 debat,
592 1345 621 1376 ei
639 1345 805 1376 ostendere
824 1345 946 1375 studui.
965 1344 1033 1374 Ad¹
1051 1347 1152 1385 quae*
1171 1343 1397 1385 respondebat,
1416 1343 1494 1384 quia
1514 1343 1594 1375 nihil
1611 1343 1702 1376 aliud
1720 1343 1824 1374 facere
1842 1343 1984 1375 sciebam
2003 1343 2065 1374 nisi
2082 1343 2111 1374 ei

468 1409 554 1430 meos
574 1397 697 1430 libellos
716 1401 788 1428 tota
807 1398 857 1428 die
876 1398 1053 1428 ostendere.
1073 1397 1167 1428 Unde
1186 1408 1205 1428 a
1226 1396 1341 1428 multis
1360 1400 1393 1428 et
1412 1397 1675 1438 frequentissime
1695 1397 1887 1438 redargutus
1907 1397 1966 1434 fui,
1985 1407 2043 1428 cur
2061 1397 2111 1427 in-

465 1451 680 1492 corrigibilem
693 1455 726 1482 et
741 1451 920 1482 ministerio
935 1462 1022 1481 sacro
1036 1450 1190 1481 inutilem
1203 1450 1345 1481 tamdiu!
1365 1450 1504 1481 scienter
1516 1454 1631 1481 contra
1644 1450 1703 1481 Dei
1717 1450 1926 1481 voluntatem
1940 1454 1973 1481 et
1987 1460 2112 1481 sacram

465 1505 698 1536 auctoritatem
718 1508 892 1546 portarem.
911 1504 978 1544 Ego
996 1515 1082 1541 vero,
1101 1504 1254 1545 quamvis
1272 1503 1460 1545 saepissime
1479 1507 1512 1534 et
1530 1514 1638 1544 regem
1656 1507 1690 1534 et
1706 1504 1916 1545 coepiscopos
1932 1514 1969 1534 ac
1988 1503 2112 1534 vicinos

467 1569 542 1589 suos
558 1562 591 1588 et
607 1558 707 1588 etiam
724 1569 774 1588 me
791 1557 895 1588 multo
913 1558 1040 1598 saepius
1055 1558 1148 1598 quasi
1165 1568 1207 1588 ex
1223 1557 1332 1588 studio
1349 1557 1390 1587 ad
1407 1557 1612 1588 iracundiam
1630 1560 1828 1598 provocarem
1845 1559 2017 1597 satageret,
2035 1555 2112 1587 licet
2134 1566 2163 1587 25

469 1622 534 1642 non
557 1615 677 1652 posset,
698 1611 802 1641 sciens
822 1610 1135 1652 periculosissimum
1158 1621 1225 1641 esse
1248 1611 1283 1641 in
1302 1610 1468 1641 sacerdote
1489 1610 1718 1652 perturbatam
1738 1614 1772 1641 et
1791 1610 2008 1651 praeeipitem
2026 1609 2111 1640 iram

469 1665 743 1706 praecipitemque
771 1664 910 1705 proferre
936 1664 1135 1695 sententiam
1161 1668 1195 1695 et
1221 1663 1488 1705 persecutionum
1515 1662 1666 1705 supplere
1693 1663 1876 1700 saevitiam,
1903 1661 2111 1694 dissimilitu-

468 1718 559 1749 dines
577 1728 716 1754 morum,
734 1717 957 1748 contumacias
974 1717 1255 1748 inoboedientium
1271 1720 1305 1748 et
1323 1716 1541 1758 malignarum
1559 1716 1623 1748 tela
1640 1716 1840 1758 linguarum,
1858 1716 1915 1748 diu
1932 1716 2027 1748 illum
2045 1727 2111 1747 non

468 1771 535 1802 sine
559 1770 675 1801 timore
697 1771 736 1801 de
760 1769 901 1811 periculo
924 1771 1111 1802 animarum
1134 1769 1195 1802 sibi
1218 1770 1471 1801 commissarum
1494 1770 1623 1811 portavi
1647 1774 1691 1807 et,
1714 1780 1792 1801 cum
1815 1769 1958 1811 amplius
1982 1773 2111 1811 portare

470 1835 533 1855 non
549 1823 656 1861 debui,
667 1824 708 1854 ad
724 1823 942 1865 plurimorum
957 1824 1185 1865 episcoporum
1199 1823 1410 1861 conciliumn,
1423 1827 1461 1854 ut
1474 1822 1526 1854 vel
1542 1834 1596 1854 eos
1610 1823 1739 1854 audiret
1748 1826 1772 1861 ⁰,
1788 1822 1939 1854 deduxi3.
1963 1823 2111 1860 Quorum
2134 1832 2162 1852 3⁰
2200 1815 2218 1866 J

469 1888 533 1908 non
553 1877 663 1908 audire
683 1876 867 1914 consilium,
889 1877 942 1907 sed
963 1877 1160 1908 adversump
1181 1888 1231 1908 me
1253 1876 1417 1918 postulare
1437 1876 1597 1907 iudicium
1619 1876 1748 1908 maluit.

556 1930 627 1961 Adq
649 1930 742 1960 cuius
764 1930 969 1971 petitionem,
988 1934 1024 1960 ut
1045 1931 1074 1961 ei
1096 1920 1328 1968 satisfacerem,
1352 1932 1409 1961 ut*
1429 1929 1481 1961 vel
1502 1930 1547 1960 sic
1569 1929 1771 1960 erubesceret
1791 1933 1825 1960 et
1846 1933 1885 1960 as
1905 1932 2039 1970 coeptaa
2059 1932 2112 1959 se'³

468 1982 610 2014 stultitia
630 1987 803 2020 revocaret,
824 1983 942 2014 iudicio
965 1994 1015 2014 me
1035 1983 1179 2020 devinxi,
1199 1982 1292 2014 velut
1310 1983 1378 2014 iam
1397 1987 1522 2014 vestrae
1543 1983 1713 2014 sanctitati
1734 1982 1862 2024 plenius
1881 1981 1953 2013 aliis
1973 1980 2112 2013 litteris⁴

468 2036 620 2067 intimavi
639 2040 673 2067 et
692 2036 843 2077 replicare
865 2047 915 2067 me
936 2047 993 2078 pro
1012 2041 1138 2067 vestrae
1158 2037 1365 2068 auctoritatis
1385 2036 1606 2067 satisfactione
1625 2036 1713 2077 cogit
1733 2036 1916 2073 necessitas,
1940 2039 1977 2066 ut
1995 2045 2110 2076 cogno-

469 2089 576 2126 scatis,
594 2090 751 2130 quoniam
771 2089 850 2120 nihil
868 2090 902 2120 in
920 2100 997 2120 eum
1015 2090 1064 2131 egi
1081 2090 1192 2121 animo
1211 2090 1355 2127 inimico,
1375 2090 1429 2120 sed
1447 2089 1514 2121 zelo
1533 2089 1655 2126 divino,
1674 2092 1841 2130 quantum
1859 2089 1895 2120 in
1912 2088 2111 2119 conscientia
2133 2097 2160 2117 35
2194 2081 2203 2104 Ψ

470 2153 541 2173 mea
558 2142 734 2184 perspicere
749 2142 850 2174 valeo.
872 2142 932 2173 Sed
949 2146 982 2173 et
998 2143 1118 2174 domno
1135 2143 1200 2184 regi
1216 2153 1252 2174 ac
1269 2142 1430 2184 episcopis
1445 2142 1534 2183 regni
1555 2143 1625 2173 eius
1648 2146 1681 2173 et
1703 2141 1959 2183 quamplurimis
1974 2145 2046 2173 tam
2062 2151 2111 2172 ec·
2209 2131 2214 2138 ⁴

468 2194 654 2226 clesiasticis
672 2206 773 2236 quam
792 2195 1009 2227 saecularibus
1027 2196 1105 2227 viris
1123 2196 1200 2227 haec
1220 2200 1299 2227 sunt
1318 2199 1407 2233 nota,
1426 2205 1510 2237 quae
1529 2195 1610 2226 dico.
1632 2195 1710 2227 Post
1728 2195 1967 2237 depositionem
1985 2192 2112 2226 autemt

553 2338 576 2365 Β)
595 2336 642 2359 His
658 2335 696 2360 1¹).
783 2336 806 2366 b)
825 2337 896 2360 Felzlt
910 2339 931 2361 1.
1015 2340 1037 2367 c)
1056 2338 1123 2361 illius
1143 2341 1274 2368 potestate
1293 2339 1348 2362 2.3.
1419 2336 1443 2367 (¹)
1460 2337 1530 2361 Fehzt
1544 2339 1565 2361 1.
1657 2339 1679 2366 εθ)
1695 2341 1721 2360 et
1737 2339 1823 2360 essent
1839 2338 1862 2361 2.
1949 2335 1969 2366 ¹)
1983 2336 2054 2360 Fehlt
2069 2334 2109 2360 1¹³.

473 2382 496 2409 Ε)
517 2381 671 2410 preposituri
688 2382 709 2403 1.
804 2380 828 2410 l1)
850 2383 991 2411 promeruit
1007 2384 1029 2406 l.
1109 2375 1140 2411 Ἰ)
1162 2382 1285 2405 electione
1302 2384 1324 2406 1.
1418 2381 1443 2411 k)
1459 2382 1546 2412 Atque
1561 2382 1585 2405 2.
1676 2379 1693 2410 ¹)
1709 2384 1733 2404 et
1758 2381 1859 2404 tamdiu
1876 2383 1898 2404 1.
1989 2382 2022 2410 m)
2036 2388 2108 2404 revo-

470 2431 528 2447 care
550 2423 588 2447 1¹³.
674 2427 698 2453 Π)
720 2425 853 2448 wnsihum
876 2424 914 2451 1¹),
937 2426 960 2449 ¹2.
1045 2428 1069 2455 ⁰)
1091 2426 1125 2449 illi
1146 2426 1258 2456 zuyejuqt
1278 2427 1307 2453 :2;
1328 2426 1399 2449 illum
1421 2426 1533 2456 zuqel'ilqt
1553 2424 1592 2449 ὅθ.
1679 2427 1704 2454 1³)
1726 2425 1850 2448 adversus
1873 2427 1912 2452 1³;
1933 2425 2048 2448 adversis
2069 2423 2109 2448 1¹).
2132 2429 2159 2448 40

471 2470 496 2497 ⁰)
517 2471 543 2491 et
564 2468 596 2491 ad
614 2467 652 2491 1¹³.
782 2471 803 2497 1”)
825 2472 847 2491 et
873 2471 909 2492 1³.
1040 2472 1061 2499 Β)
1082 2473 1109 2493 et
1130 2471 1236 2500 aea-epit.
1258 2470 1407 2500 <iiber9eschn
1429 2478 1445 2493 a
1465 2473 1548 2500 cepta.
1571 2477 1586 2492 a
1606 2477 1632 2492 se
1649 2471 1687 2495 1³&
1712 2472 1738 2492 et
1754 2470 1853 2500 aceepit
1869 2472 1976 2500 accepta
1994 2476 2009 2492 a
2026 2477 2052 2492 se
2071 2467 2110 2492 lb.

471 2511 490 2541 ²)
507 2512 577 2535 Felzlz
596 2511 634 2535 lb.

582 2610 607 2639 l)
630 2608 682 2640 Vyl.
711 2608 782 2634 Decr.
808 2609 945 2634 lnmocent
970 2610 994 2634 J.
1019 2618 1039 2635 c.
1054 2610 1096 2639 10,
1121 2610 1211 2635 Codes*r
1233 2619 1369 2636 canonum
1395 2610 1496 2643 (1609)
1521 2610 1549 2635 S.
1564 2610 1630 2635 340:
1655 2611 1682 2635 s'i
1707 2613 1803 2635 autem
1828 2611 1969 2636 maiores
1990 2618 2110 2636 causae

470 2653 498 2677 in
529 2652 620 2677 medio
648 2653 754 2677 fuerint
779 2653 938 2683 devolutae,
967 2654 1006 2679 ad
1039 2655 1148 2679 sedem
1182 2656 1420 2687 apostolicam,
1449 2655 1523 2680 sicut
1550 2654 1675 2687 synodus
1703 2655 1816 2684 statuit,
1844 2657 1921 2688 post
1945 2654 2110 2680 iudicium
2192 2686 2194 2692 Ι

470 2697 627 2729 episcopale
646 2697 853 2725 referentum
868 2697 1019 2723 Hinschfias
1031 2698 1059 2722 S.
1074 2699 1127 2723 530
1139 2708 1158 2723 r.
1174 2699 1190 2723 3
1211 2699 1306 2731 (J.-K.
1322 2699 1400 2732 286).
1497 2699 1524 2729 2)
1543 2698 1620 2724 Decr.
1635 2698 1716 2724 Leon,
1730 2699 1754 2723 I.
1774 2707 1794 2724 c.
1809 2699 1852 2728 41,
1873 2698 1964 2724 Codex
1975 2706 2111 2724 canonum
2133 2701 2160 2721 45
2193 2693 2195 2710 '¹

475 2740 575 2773 (1609)
594 2740 621 2765 S.
637 2741 724 2772 47]j.,-
741 2741 893 2766 Hinschius
909 2742 937 2766 S.
952 2742 1004 2766 620
1019 2750 1038 2766 c.
1054 2743 1088 2766 10
1103 2743 1198 2774 (J.-K.
1217 2744 1294 2775 411).
1410 2743 1437 2774 3)
1452 2742 1579 2776 Offleubar
1594 2743 1628 2767 ist
1644 2743 1686 2767 die
1697 2742 1806 2775 Synode
1823 2751 1873 2768 ruon
1885 2743 1975 2768 Pitres
1991 2751 2041 2768 von
2057 2741 2110 2768 862

471 2785 591 2816 qemeint.
623 2784 677 2817 Vql.
701 2785 767 2810 auch
792 2785 902 2810 :S'clzvrijrs
923 2786 951 2809 S.
966 2786 1041 2817 242Ῐ.
1066 2786 1122 2811 und
1144 2787 1177 2811 A.
1192 2788 1233 2811 25.
1368 2789 1395 2817 4)
1418 2787 1500 2812 Nicht
1522 2787 1646 2812 erhvalten,
1681 2787 1708 2811 S.
1732 2787 1794 2812 oben
1820 2787 1869 2812 Nr.
1884 2787 1935 2812 165
1958 2787 1986 2812 S.
2000 2786 2060 2811 143.
