<?xml version="1.0" encoding="UTF-8"?>
<!DOCTYPE html PUBLIC "-//W3C//DTD XHTML 1.0 Transitional//EN"
    "http://www.w3.org/TR/xhtml1/DTD/xhtml1-transitional.dtd">
<html xmlns="http://www.w3.org/1999/xhtml" xml:lang="en" lang="en">
 <head>
  <title>
</title>
<meta http-equiv="Content-Type" content="text/html;charset=utf-8" />
  <meta name='ocr-system' content='tesseract 3.04.00' />
  <meta name='ocr-capabilities' content='ocr_page ocr_carea ocr_par ocr_line ocrx_word'/>
</head>
<body>
  <div class='ocr_page' id='page_1' title='image "./monumentagerman08geseuoft_0083.png"; bbox 0 0 2220 3192; ppageno 0'>
   <div class='ocr_carea' id='block_1_1' title="bbox 0 0 24 3192">
    <p class='ocr_par' dir='ltr' id='par_1_1' title="bbox 0 0 24 3192">
     <span class='ocr_line' id='line_1_1' title="bbox 0 0 24 3192; baseline 0 0"><span class='ocrx_word' id='word_1_1' title='bbox 0 0 24 3192; x_wconf 95' lang='lat' dir='ltr'> </span> 
     </span>
    </p>
   </div>
   <div class='ocr_carea' id='block_1_2' title="bbox 48 979 74 997">
    <p class='ocr_par' dir='ltr' id='par_1_2' title="bbox 48 979 74 997">
     <span class='ocr_line' id='line_1_2' title="bbox 48 979 74 997; baseline 0 0"><span class='ocrx_word' id='word_1_2' title='bbox 48 979 74 997; x_wconf 88' lang='lat'>10</span> 
     </span>
    </p>
   </div>
   <div class='ocr_carea' id='block_1_3' title="bbox 48 1315 74 1335">
    <p class='ocr_par' dir='ltr' id='par_1_3' title="bbox 48 1315 74 1335">
     <span class='ocr_line' id='line_1_3' title="bbox 48 1315 74 1335; baseline -0.038 0"><span class='ocrx_word' id='word_1_3' title='bbox 48 1315 74 1335; x_wconf 74' lang='lat'>15</span> 
     </span>
    </p>
   </div>
   <div class='ocr_carea' id='block_1_4' title="bbox 49 1585 75 1605">
    <p class='ocr_par' dir='ltr' id='par_1_4' title="bbox 49 1585 75 1605">
     <span class='ocr_line' id='line_1_4' title="bbox 49 1585 75 1605; baseline -0.038 0"><span class='ocrx_word' id='word_1_4' title='bbox 49 1585 75 1605; x_wconf 76' lang='lat'>20</span> 
     </span>
    </p>
   </div>
   <div class='ocr_carea' id='block_1_5' title="bbox 49 1851 75 1870">
    <p class='ocr_par' dir='ltr' id='par_1_5' title="bbox 49 1851 75 1870">
     <span class='ocr_line' id='line_1_5' title="bbox 49 1851 75 1870; baseline 0 0"><span class='ocrx_word' id='word_1_5' title='bbox 49 1851 75 1870; x_wconf 72' lang='lat'>⁴2⁶</span> 
     </span>
    </p>
   </div>
   <div class='ocr_carea' id='block_1_6' title="bbox 50 2116 77 2136">
    <p class='ocr_par' dir='ltr' id='par_1_6' title="bbox 50 2116 77 2136">
     <span class='ocr_line' id='line_1_6' title="bbox 50 2116 77 2136; baseline 0 0"><span class='ocrx_word' id='word_1_6' title='bbox 50 2116 77 2136; x_wconf 76' lang='lat'>³0</span> 
     </span>
    </p>
   </div>
   <div class='ocr_carea' id='block_1_7' title="bbox 54 2487 79 2506">
    <p class='ocr_par' dir='ltr' id='par_1_7' title="bbox 54 2487 79 2506">
     <span class='ocr_line' id='line_1_7' title="bbox 54 2487 79 2506; baseline 0 0"><span class='ocrx_word' id='word_1_7' title='bbox 54 2487 79 2506; x_wconf 86' lang='lat'>35</span> 
     </span>
    </p>
   </div>
   <div class='ocr_carea' id='block_1_8' title="bbox 621 192 1742 222">
    <p class='ocr_par' dir='ltr' id='par_1_8' title="bbox 621 192 1742 222">
     <span class='ocr_line' id='line_1_8' title="bbox 621 192 1742 222; baseline 0.002 -2"><span class='ocrx_word' id='word_1_8' title='bbox 621 194 808 220; x_wconf 84' lang='lat' dir='ltr'><strong>HINKMAR</strong></span> <span class='ocrx_word' id='word_1_9' title='bbox 828 194 905 221; x_wconf 89' lang='lat' dir='ltr'>VON</span> <span class='ocrx_word' id='word_1_10' title='bbox 927 193 1047 220; x_wconf 84' lang='lat' dir='ltr'>REIMS</span> <span class='ocrx_word' id='word_1_11' title='bbox 1069 194 1218 221; x_wconf 80' lang='lat'><strong>132—133.</strong></span> <span class='ocrx_word' id='word_1_12' title='bbox 1701 192 1742 222; x_wconf 84' lang='lat'>75</span> 
     </span>
    </p>
   </div>
   <div class='ocr_carea' id='block_1_9' title="bbox 96 281 1751 748">
    <p class='ocr_par' dir='ltr' id='par_1_9' title="bbox 96 281 1751 631">
     <span class='ocr_line' id='line_1_9' title="bbox 96 281 1751 325; baseline -0.001 -10"><span class='ocrx_word' id='word_1_13' title='bbox 96 294 295 315; x_wconf 86' lang='lat' dir='ltr'>consensum</span> <span class='ocrx_word' id='word_1_14' title='bbox 308 295 375 315; x_wconf 85' lang='lat' dir='ltr'>non</span> <span class='ocrx_word' id='word_1_15' title='bbox 387 284 491 315; x_wconf 89' lang='lat' dir='ltr'>audeo</span> <span class='ocrx_word' id='word_1_16' title='bbox 504 283 665 321; x_wconf 87' lang='lat' dir='ltr'>adhibere,</span> <span class='ocrx_word' id='word_1_17' title='bbox 679 283 739 322; x_wconf 90' lang='lat' dir='ltr'>uti,</span> <span class='ocrx_word' id='word_1_18' title='bbox 750 283 907 325; x_wconf 84' lang='lat' dir='ltr'>quicquid</span> <span class='ocrx_word' id='word_1_19' title='bbox 919 295 939 315; x_wconf 89' lang='lat' dir='ltr'>a</span> <span class='ocrx_word' id='word_1_20' title='bbox 950 283 1044 314; x_wconf 90' lang='lat' dir='ltr'>vobis</span> <span class='ocrx_word' id='word_1_21' title='bbox 1056 282 1241 315; x_wconf 77' lang='lat' dir='ltr'>diffinitum</span> <span class='ocrx_word' id='word_1_22' title='bbox 1252 282 1443 325; x_wconf 78' lang='lat' dir='ltr'><strong>regulariter</strong></span> <span class='ocrx_word' id='word_1_23' title='bbox 1456 283 1556 314; x_wconf 78' lang='lat' dir='ltr'>fuerit</span> <span class='ocrx_word' id='word_1_24' title='bbox 1567 281 1620 314; x_wconf 90' lang='lat' dir='ltr'>vel</span> <span class='ocrx_word' id='word_1_25' title='bbox 1634 282 1751 315; x_wconf 88' lang='lat' dir='ltr'>melius</span> 
     </span>
     <span class='ocr_line' id='line_1_10' title="bbox 97 335 1750 378; baseline -0.001 -10"><span class='ocrx_word' id='word_1_26' title='bbox 97 347 134 368; x_wconf 88' lang='lat' dir='ltr'>ac</span> <span class='ocrx_word' id='word_1_27' title='bbox 154 336 382 368; x_wconf 74' lang='lat' dir='ltr'>rationabilius</span> <span class='ocrx_word' id='word_1_28' title='bbox 401 348 504 378; x_wconf 91' lang='lat' dir='ltr'>quam</span> <span class='ocrx_word' id='word_1_29' title='bbox 526 337 606 368; x_wconf 87' lang='lat' dir='ltr'>mihi</span> <span class='ocrx_word' id='word_1_30' title='bbox 619 337 730 368; x_wconf 86' lang='lat' dir='ltr'>visum</span> <span class='ocrx_word' id='word_1_31' title='bbox 751 336 794 367; x_wconf 89' lang='lat' dir='ltr'>sit</span> <span class='ocrx_word' id='word_1_32' title='bbox 813 347 832 368; x_wconf 90' lang='lat' dir='ltr'>a</span> <span class='ocrx_word' id='word_1_33' title='bbox 851 337 920 368; x_wconf 89' lang='lat' dir='ltr'>Deo</span> <span class='ocrx_word' id='word_1_34' title='bbox 941 335 1062 378; x_wconf 87' lang='lat' dir='ltr'>placito</span> <span class='ocrx_word' id='word_1_35' title='bbox 1082 340 1250 368; x_wconf 89' lang='lat' dir='ltr'>conventu</span> <span class='ocrx_word' id='word_1_36' title='bbox 1268 339 1377 368; x_wconf 88' lang='lat' dir='ltr'>vestro</span> <span class='ocrx_word' id='word_1_37' title='bbox 1398 336 1498 367; x_wconf 79' lang='lat' dir='ltr'>fuerit</span> <span class='ocrx_word' id='word_1_38' title='bbox 1518 336 1750 374; x_wconf 87' lang='lat' dir='ltr'>terminatum,</span> 
     </span>
     <span class='ocr_line' id='line_1_11' title="bbox 98 388 1751 432; baseline 0 -12"><span class='ocrx_word' id='word_1_39' title='bbox 98 390 293 431; x_wconf 86' lang='lat' dir='ltr'>priusquam</span> <span class='ocrx_word' id='word_1_40' title='bbox 307 390 340 421; x_wconf 90' lang='lat' dir='ltr'>id</span> <span class='ocrx_word' id='word_1_41' title='bbox 354 390 500 428; x_wconf 82' lang='lat' dir='ltr'>audiam,</span> <span class='ocrx_word' id='word_1_42' title='bbox 516 389 648 422; x_wconf 88' lang='lat' dir='ltr'>laudare</span> <span class='ocrx_word' id='word_1_43' title='bbox 662 389 715 421; x_wconf 85' lang='lat' dir='ltr'>vel</span> <span class='ocrx_word' id='word_1_44' title='bbox 728 393 904 421; x_wconf 85' lang='lat' dir='ltr'>retractare</span> <span class='ocrx_word' id='word_1_45' title='bbox 919 401 986 420; x_wconf 90' lang='lat' dir='ltr'>non</span> <span class='ocrx_word' id='word_1_46' title='bbox 1000 389 1110 421; x_wconf 81' lang='lat' dir='ltr'>debeo.</span> <span class='ocrx_word' id='word_1_47' title='bbox 1133 390 1342 432; x_wconf 74' lang='lat' dir='ltr'>Quapropter</span> <span class='ocrx_word' id='word_1_48' title='bbox 1357 389 1391 420; x_wconf 91' lang='lat' dir='ltr'>in</span> <span class='ocrx_word' id='word_1_49' title='bbox 1405 388 1492 421; x_wconf 86' lang='lat' dir='ltr'>calce</span> <span class='ocrx_word' id='word_1_50' title='bbox 1505 389 1605 421; x_wconf 87' lang='lat' dir='ltr'>huius</span> <span class='ocrx_word' id='word_1_51' title='bbox 1620 393 1751 421; x_wconf 85' lang='lat' dir='ltr'>nostrae</span> 
     </span>
     <span class='ocr_line' id='line_1_12' title="bbox 97 442 1749 484; baseline 0 -10"><span class='ocrx_word' id='word_1_52' title='bbox 97 442 290 484; x_wconf 72' lang='lat' dir='ltr'>exiguitatis</span> <span class='ocrx_word' id='word_1_53' title='bbox 309 442 481 474; x_wconf 83' lang='lat' dir='ltr'>schedulae</span> <span class='ocrx_word' id='word_1_54' title='bbox 501 453 569 474; x_wconf 89' lang='lat' dir='ltr'>non</span> <span class='ocrx_word' id='word_1_55' title='bbox 589 454 673 480; x_wconf 87' lang='lat' dir='ltr'>mea,</span> <span class='ocrx_word' id='word_1_56' title='bbox 695 443 750 474; x_wconf 91' lang='lat' dir='ltr'>sed</span> <span class='ocrx_word' id='word_1_57' title='bbox 771 442 883 483; x_wconf 87' lang='lat' dir='ltr'>magni</span> <span class='ocrx_word' id='word_1_58' title='bbox 902 442 1021 474; x_wconf 86' lang='lat' dir='ltr'>Leonis</span> <span class='ocrx_word' id='word_1_59' title='bbox 1038 442 1138 474; x_wconf 89' lang='lat' dir='ltr'>verba</span> <span class='ocrx_word' id='word_1_60' title='bbox 1157 443 1199 474; x_wconf 90' lang='lat' dir='ltr'>ad</span> <span class='ocrx_word' id='word_1_61' title='bbox 1217 442 1396 474; x_wconf 75' lang='lat' dir='ltr'>Rusticum</span> <span class='ocrx_word' id='word_1_62' title='bbox 1414 442 1663 474; x_wconf 83' lang='lat' dir='ltr'>Narbonensem</span> <span class='ocrx_word' id='word_1_63' title='bbox 1682 442 1749 484; x_wconf 84' lang='lat' dir='ltr'>epi·</span> 
     </span>
     <span class='ocr_line' id='line_1_13' title="bbox 98 495 1750 537; baseline -0.001 -11"><span class='ocrx_word' id='word_1_64' title='bbox 98 505 236 537; x_wconf 83' lang='lat' dir='ltr'>scopum</span> <span class='ocrx_word' id='word_1_65' title='bbox 254 505 375 536; x_wconf 89' lang='lat' dir='ltr'>ponere</span> <span class='ocrx_word' id='word_1_66' title='bbox 392 495 531 536; x_wconf 82' lang='lat' dir='ltr'>dignum</span> <span class='ocrx_word' id='word_1_67' title='bbox 549 496 666 527; x_wconf 82' lang='lat' dir='ltr'>ducol:</span> <span class='ocrx_word' id='word_1_68' title='bbox 686 499 728 525; x_wconf 73' lang='lat' dir='ltr'>Ut</span> <span class='ocrx_word' id='word_1_69' title='bbox 745 500 775 525; x_wconf 84' lang='lat' dir='ltr'>in</span> <span class='ocrx_word' id='word_1_70' title='bbox 792 500 845 529; x_wconf 81' lang='lat' dir='ltr'>his,</span> <span class='ocrx_word' id='word_1_71' title='bbox 864 495 991 536; x_wconf 85' lang='lat' dir='ltr'>inquid,</span> <span class='ocrx_word' id='word_1_72' title='bbox 1012 507 1083 532; x_wconf 82' lang='lat' dir='ltr'>quae</span> <span class='ocrx_word' id='word_1_73' title='bbox 1102 499 1148 525; x_wconf 84' lang='lat' dir='ltr'>vel</span> <span class='ocrx_word' id='word_1_74' title='bbox 1166 499 1254 526; x_wconf 75' lang='lat' dir='ltr'>dubia</span> <span class='ocrx_word' id='word_1_75' title='bbox 1272 499 1380 526; x_wconf 79' lang='lat' dir='ltr'>fuerint</span> <span class='ocrx_word' id='word_1_76' title='bbox 1397 495 1448 526; x_wconf 79' lang='lat' dir='ltr'>vel</span> <span class='ocrx_word' id='word_1_77' title='bbox 1466 499 1598 530; x_wconf 77' lang='lat' dir='ltr'>obseura,</span> <span class='ocrx_word' id='word_1_78' title='bbox 1616 498 1647 525; x_wconf 88' lang='lat' dir='ltr'>id</span> <span class='ocrx_word' id='word_1_79' title='bbox 1664 507 1750 525; x_wconf 80' lang='lat' dir='ltr'>nove-</span> 
     </span>
     <span class='ocr_line' id='line_1_14' title="bbox 97 551 1750 586; baseline 0 -8"><span class='ocrx_word' id='word_1_80' title='bbox 97 552 186 578; x_wconf 83' lang='lat' dir='ltr'>rimus</span> <span class='ocrx_word' id='word_1_81' title='bbox 207 551 395 585; x_wconf 79' lang='lat' dir='ltr'>sequendum,</span> <span class='ocrx_word' id='word_1_82' title='bbox 419 552 496 586; x_wconf 89' lang='lat' dir='ltr'>quod</span> <span class='ocrx_word' id='word_1_83' title='bbox 518 561 570 578; x_wconf 87' lang='lat' dir='ltr'>nec</span> <span class='ocrx_word' id='word_1_84' title='bbox 592 553 752 586; x_wconf 83' lang='lat' dir='ltr'>praeceptis</span> <span class='ocrx_word' id='word_1_85' title='bbox 774 552 944 586; x_wconf 76' lang='lat' dir='ltr'>evangelicis</span> <span class='ocrx_word' id='word_1_86' title='bbox 968 552 1142 578; x_wconf 78' lang='lat' dir='ltr'>eontrarium</span> <span class='ocrx_word' id='word_1_87' title='bbox 1165 560 1217 578; x_wconf 87' lang='lat' dir='ltr'>nec</span> <span class='ocrx_word' id='word_1_88' title='bbox 1239 552 1360 578; x_wconf 75' lang='lat' dir='ltr'>decretis</span> <span class='ocrx_word' id='word_1_89' title='bbox 1382 554 1548 578; x_wconf 78' lang='lat' dir='ltr'>sanctorum</span> <span class='ocrx_word' id='word_1_90' title='bbox 1570 555 1687 586; x_wconf 81' lang='lat' dir='ltr'>patrum</span> <span class='ocrx_word' id='word_1_91' title='bbox 1709 552 1750 577; x_wconf 89' lang='lat' dir='ltr'>in-</span> 
     </span>
     <span class='ocr_line' id='line_1_15' title="bbox 99 604 412 631; baseline 0 -1"><span class='ocrx_word' id='word_1_92' title='bbox 99 605 230 631; x_wconf 82' lang='lat' dir='ltr'>veniatur</span> <span class='ocrx_word' id='word_1_93' title='bbox 249 604 412 631; x_wconf 84' lang='lat' dir='ltr'>adversum.</span> 
     </span>
    </p>

    <p class='ocr_par' dir='ltr' id='par_1_10' title="bbox 97 653 1750 748">
     <span class='ocr_line' id='line_1_16' title="bbox 189 653 1750 695; baseline -0.001 -9"><span class='ocrx_word' id='word_1_94' title='bbox 189 653 270 686; x_wconf 89' lang='lat' dir='ltr'>Peto</span> <span class='ocrx_word' id='word_1_95' title='bbox 287 654 428 695; x_wconf 87' lang='lat' dir='ltr'>denique</span> <span class='ocrx_word' id='word_1_96' title='bbox 444 658 590 686; x_wconf 87' lang='lat' dir='ltr'>vestram</span> <span class='ocrx_word' id='word_1_97' title='bbox 606 653 783 686; x_wconf 85' lang='lat' dir='ltr'>amabilem</span> <span class='ocrx_word' id='word_1_98' title='bbox 799 654 984 691; x_wconf 86' lang='lat' dir='ltr'>caritatem,</span> <span class='ocrx_word' id='word_1_99' title='bbox 1004 658 1041 685; x_wconf 90' lang='lat' dir='ltr'>ut</span> <span class='ocrx_word' id='word_1_100' title='bbox 1059 664 1117 695; x_wconf 90' lang='lat' dir='ltr'>pro</span> <span class='ocrx_word' id='word_1_101' title='bbox 1135 655 1346 686; x_wconf 80' lang='lat' dir='ltr'>excusatione</span> <span class='ocrx_word' id='word_1_102' title='bbox 1365 665 1437 687; x_wconf 83' lang='lat' dir='ltr'>mea</span> <span class='ocrx_word' id='word_1_103' title='bbox 1460 655 1494 686; x_wconf 86' lang='lat' dir='ltr'>in</span> <span class='ocrx_word' id='word_1_104' title='bbox 1510 658 1619 685; x_wconf 88' lang='lat' dir='ltr'>vestro</span> <span class='ocrx_word' id='word_1_105' title='bbox 1636 657 1750 686; x_wconf 87' lang='lat' dir='ltr'>sancto</span> 
     </span>
     <span class='ocr_line' id='line_1_17' title="bbox 97 706 1438 748; baseline 0.001 -10"><span class='ocrx_word' id='word_1_106' title='bbox 97 706 234 739; x_wconf 76' lang='lat' dir='ltr'>concilio</span> <span class='ocrx_word' id='word_1_107' title='bbox 253 706 361 738; x_wconf 88' lang='lat' dir='ltr'>verbis</span> <span class='ocrx_word' id='word_1_108' title='bbox 379 710 507 738; x_wconf 87' lang='lat' dir='ltr'>vestrae</span> <span class='ocrx_word' id='word_1_109' title='bbox 528 707 722 748; x_wconf 72' lang='lat' dir='ltr'>prudentiae</span> <span class='ocrx_word' id='word_1_110' title='bbox 742 707 887 748; x_wconf 85' lang='lat' dir='ltr'>iungatis</span> <span class='ocrx_word' id='word_1_111' title='bbox 906 707 1004 738; x_wconf 88' lang='lat' dir='ltr'>huius</span> <span class='ocrx_word' id='word_1_112' title='bbox 1024 706 1215 747; x_wconf 82' lang='lat' dir='ltr'>diplomatis</span> <span class='ocrx_word' id='word_1_113' title='bbox 1234 706 1438 739; x_wconf 76' lang='lat' dir='ltr'>lectionem2.</span> 
     </span>
    </p>
   </div>
   <div class='ocr_carea' id='block_1_10' title="bbox 887 911 955 941">
    <p class='ocr_par' dir='ltr' id='par_1_11' title="bbox 887 911 955 941">
     <span class='ocr_line' id='line_1_18' title="bbox 887 911 955 941; baseline -0.015 0"><span class='ocrx_word' id='word_1_114' title='bbox 887 911 955 941; x_wconf 86' lang='lat'><strong>133.</strong></span> 
     </span>
    </p>
   </div>
   <div class='ocr_carea' id='block_1_11' title="bbox 103 971 1750 1057">
    <p class='ocr_par' dir='ltr' id='par_1_12' title="bbox 103 971 1750 1057">
     <span class='ocr_line' id='line_1_19' title="bbox 181 971 1750 1014; baseline 0.001 -11"><span class='ocrx_word' id='word_1_115' title='bbox 181 973 209 1004; x_wconf 86' lang='lat' dir='ltr'><em>F</em></span> <span class='ocrx_word' id='word_1_116' title='bbox 210 978 348 1013; x_wconf 70' lang='lat' dir='ltr'>raqnwnt</span> <span class='ocrx_word' id='word_1_117' title='bbox 365 973 448 1003; x_wconf 70' lang='lat' dir='ltr'>eines</span> <span class='ocrx_word' id='word_1_118' title='bbox 470 972 590 1011; x_wconf 39' lang='lat' dir='ltr'>Brviejes</span> <span class='ocrx_word' id='word_1_119' title='bbox 609 973 783 1004; x_wconf 72' lang='lat' dir='ltr'>Hinkmars</span> <span class='ocrx_word' id='word_1_120' title='bbox 801 983 842 1003; x_wconf 71' lang='lat' dir='ltr'>cm</span> <span class='ocrx_word' id='word_1_121' title='bbox 864 971 991 1010; x_wconf 75' lang='lat' dir='ltr'>Bisckof</span> <span class='ocrx_word' id='word_1_122' title='bbox 1006 971 1180 1002; x_wconf 75' lang='lat' dir='ltr'>Adventius</span> <span class='ocrx_word' id='word_1_123' title='bbox 1198 983 1258 1003; x_wconf 78' lang='lat' dir='ltr'>von</span> <span class='ocrx_word' id='word_1_124' title='bbox 1275 972 1372 1002; x_wconf 75' lang='lat' dir='ltr'>Melz:</span> <span class='ocrx_word' id='word_1_125' title='bbox 1393 972 1467 1003; x_wconf 60' lang='lat' dir='ltr'>iiber</span> <span class='ocrx_word' id='word_1_126' title='bbox 1486 972 1592 1003; x_wconf 77' lang='lat' dir='ltr'>dessen</span> <span class='ocrx_word' id='word_1_127' title='bbox 1611 973 1750 1014; x_wconf 68' lang='lat' dir='ltr'>sleplante</span> 
     </span>
     <span class='ocr_line' id='line_1_20' title="bbox 103 1024 1689 1057; baseline 0 0"><span class='ocrx_word' id='word_1_128' title='bbox 103 1026 269 1057; x_wconf 72' lang='lat' dir='ltr'>Romreise.</span> <span class='ocrx_word' id='word_1_129' title='bbox 1159 1025 1208 1056; x_wconf 82' lang='grc'>26.</span> <span class='ocrx_word' id='word_1_130' title='bbox 1223 1025 1247 1055; x_wconf 83' lang='lat' dir='ltr'><em>J</em></span> <span class='ocrx_word' id='word_1_131' title='bbox 1249 1025 1444 1055; x_wconf 31' lang='lat' dir='ltr'>anam-*15</span> <span class='ocrx_word' id='word_1_132' title='bbox 1458 1024 1597 1056; x_wconf 64' lang='lat' dir='ltr'>Febrmvr</span> <span class='ocrx_word' id='word_1_133' title='bbox 1619 1026 1689 1057; x_wconf 75' lang='lat'><em>860.</em></span> 
     </span>
    </p>
   </div>
   <div class='ocr_carea' id='block_1_12' title="bbox 189 1095 1676 1253">
    <p class='ocr_par' dir='ltr' id='par_1_13' title="bbox 189 1095 1676 1253">
     <span class='ocr_line' id='line_1_21' title="bbox 189 1095 1145 1129; baseline -0.002 -7"><span class='ocrx_word' id='word_1_134' title='bbox 189 1096 252 1122; x_wconf 67' lang='lat' dir='ltr'>Hs„-</span> <span class='ocrx_word' id='word_1_135' title='bbox 274 1096 358 1122; x_wconf 64' lang='lat' dir='ltr'>Paris</span> <span class='ocrx_word' id='word_1_136' title='bbox 376 1097 422 1122; x_wconf 78' lang='lat' dir='ltr'>lat.</span> <span class='ocrx_word' id='word_1_137' title='bbox 435 1096 506 1122; x_wconf 73' lang='lat'><em>2366</em></span> <span class='ocrx_word' id='word_1_138' title='bbox 528 1097 571 1122; x_wconf 69' lang='lat' dir='ltr'>BL.</span> <span class='ocrx_word' id='word_1_139' title='bbox 585 1096 711 1126; x_wconf 70' lang='lat'>24—24&#39;,</span> <span class='ocrx_word' id='word_1_140' title='bbox 731 1096 757 1122; x_wconf 84' lang='lat'>9.</span> <span class='ocrx_word' id='word_1_141' title='bbox 769 1096 818 1122; x_wconf 77' lang='lat' dir='ltr'>Jh.</span> <span class='ocrx_word' id='word_1_142' title='bbox 841 1096 911 1129; x_wconf 87' lang='grc' dir='ltr'><em>(Β),</em></span> <span class='ocrx_word' id='word_1_143' title='bbox 931 1095 1022 1121; x_wconf 57' lang='grc' dir='ltr'>Ιεοίἰαί.</span> <span class='ocrx_word' id='word_1_144' title='bbox 1047 1095 1145 1120; x_wconf 79' lang='lat' dir='ltr'>Perels.</span> 
     </span>
     <span class='ocr_line' id='line_1_22' title="bbox 192 1157 1676 1191; baseline 0 -7"><span class='ocrx_word' id='word_1_145' title='bbox 192 1159 305 1184; x_wconf 69' lang='lat' dir='ltr'>Druck-e.-</span> <span class='ocrx_word' id='word_1_146' title='bbox 327 1159 472 1184; x_wconf 62' lang='lat' dir='ltr'>Gordessizm</span> <span class='ocrx_word' id='word_1_147' title='bbox 496 1158 598 1191; x_wconf 79' lang='lat'><em>(1615)</em></span> <span class='ocrx_word' id='word_1_148' title='bbox 622 1158 650 1183; x_wconf 79' lang='lat' dir='ltr'>S.</span> <span class='ocrx_word' id='word_1_149' title='bbox 664 1159 716 1184; x_wconf 82' lang='lat'>326</span> <span class='ocrx_word' id='word_1_150' title='bbox 740 1159 806 1190; x_wconf 70' lang='lat' dir='ltr'>(aas</span> <span class='ocrx_word' id='word_1_151' title='bbox 831 1158 880 1189; x_wconf 83' lang='lat' dir='ltr'>B),·</span> <span class='ocrx_word' id='word_1_152' title='bbox 901 1157 1040 1186; x_wconf 75' lang='lat' dir='ltr'>Sirmoml,</span> <span class='ocrx_word' id='word_1_153' title='bbox 1063 1157 1173 1182; x_wconf 68' lang='lat' dir='ltr'>Hincm.</span> <span class='ocrx_word' id='word_1_154' title='bbox 1196 1166 1278 1190; x_wconf 67' lang='lat' dir='ltr'>oper-n,</span> <span class='ocrx_word' id='word_1_155' title='bbox 1290 1158 1314 1184; x_wconf 86' lang='grc' dir='ltr'>Ι,</span> <span class='ocrx_word' id='word_1_156' title='bbox 1336 1159 1400 1184; x_wconf 65' lang='lat'>5⁸5,-</span> <span class='ocrx_word' id='word_1_157' title='bbox 1426 1158 1595 1190; x_wconf 75' lang='lat' dir='ltr'>Miqne125,</span> <span class='ocrx_word' id='word_1_158' title='bbox 1616 1159 1676 1184; x_wconf 73' lang='lat'><em>647.</em></span> 
     </span>
     <span class='ocr_line' id='line_1_23' title="bbox 190 1221 462 1253; baseline 0.004 -8"><span class='ocrx_word' id='word_1_159' title='bbox 190 1221 303 1247; x_wconf 61' lang='lat' dir='ltr'>Sohreirx</span> <span class='ocrx_word' id='word_1_160' title='bbox 328 1221 462 1253; x_wconf 71' lang='lat' dir='ltr'>Re9.138.</span> 
     </span>
    </p>
   </div>
   <div class='ocr_carea' id='block_1_13' title="bbox 211 1310 1642 1380">
    <p class='ocr_par' dir='ltr' id='par_1_14' title="bbox 211 1310 1642 1380">
     <span class='ocr_line' id='line_1_24' title="bbox 211 1310 1642 1336; baseline -0.001 -1"><span class='ocrx_word' id='word_1_161' title='bbox 211 1312 418 1336; x_wconf 57' lang='grc' dir='ltr'>ΗΙΝοΜΑ1ζ138</span> <span class='ocrx_word' id='word_1_162' title='bbox 438 1312 615 1335; x_wconf 71' lang='lat' dir='ltr'><strong>REMORUM</strong></span> <span class='ocrx_word' id='word_1_163' title='bbox 636 1311 826 1335; x_wconf 82' lang='lat' dir='ltr'>EPISCOPUS</span> <span class='ocrx_word' id='word_1_164' title='bbox 846 1310 996 1334; x_wconf 74' lang='lat' dir='ltr'>DILECTO</span> <span class='ocrx_word' id='word_1_165' title='bbox 1015 1310 1148 1334; x_wconf 67' lang='lat' dir='ltr'>FRATRI</span> <span class='ocrx_word' id='word_1_166' title='bbox 1168 1310 1212 1334; x_wconf 87' lang='lat' dir='ltr'>ET</span> <span class='ocrx_word' id='word_1_167' title='bbox 1232 1310 1450 1334; x_wconf 73' lang='lat' dir='ltr'>VENERABILI</span> <span class='ocrx_word' id='word_1_168' title='bbox 1472 1311 1642 1335; x_wconf 82' lang='lat' dir='ltr'>EPISCOPO</span> 
     </span>
     <span class='ocr_line' id='line_1_25' title="bbox 473 1353 1376 1380; baseline -0.002 -1"><span class='ocrx_word' id='word_1_169' title='bbox 473 1355 673 1380; x_wconf 70' lang='lat' dir='ltr'>ADVENT10³</span> <span class='ocrx_word' id='word_1_170' title='bbox 692 1355 879 1379; x_wconf 79' lang='lat' dir='ltr'><strong>PLURIMAM</strong></span> <span class='ocrx_word' id='word_1_171' title='bbox 898 1355 936 1379; x_wconf 83' lang='lat' dir='ltr'>IN</span> <span class='ocrx_word' id='word_1_172' title='bbox 957 1354 1165 1379; x_wconf 68' lang='lat' dir='ltr'>SALVATORE</span> <span class='ocrx_word' id='word_1_173' title='bbox 1185 1353 1376 1378; x_wconf 40' lang='lat' dir='ltr'>SALUTEM&amp;</span> 
     </span>
    </p>
   </div>
   <div class='ocr_carea' id='block_1_14' title="bbox 99 1415 1753 2256">
    <p class='ocr_par' dir='ltr' id='par_1_15' title="bbox 99 1415 1753 1884">
     <span class='ocr_line' id='line_1_26' title="bbox 191 1415 1751 1458; baseline -0.001 -9"><span class='ocrx_word' id='word_1_174' title='bbox 191 1418 381 1451; x_wconf 73' lang='lat' dir='ltr'>Ceterum*‚</span> <span class='ocrx_word' id='word_1_175' title='bbox 402 1417 479 1449; x_wconf 84' lang='lat' dir='ltr'>licet</span> <span class='ocrx_word' id='word_1_176' title='bbox 500 1417 581 1449; x_wconf 92' lang='lat' dir='ltr'>mihi</span> <span class='ocrx_word' id='word_1_177' title='bbox 601 1416 682 1448; x_wconf 89' lang='lat' dir='ltr'>nihil</span> <span class='ocrx_word' id='word_1_178' title='bbox 701 1416 777 1448; x_wconf 92' lang='lat' dir='ltr'>inde</span> <span class='ocrx_word' id='word_1_179' title='bbox 797 1416 1050 1457; x_wconf 76' lang='lat' dir='ltr'>significassetis,</span> <span class='ocrx_word' id='word_1_180' title='bbox 1070 1415 1195 1447; x_wconf 89' lang='lat' dir='ltr'>conicio</span> <span class='ocrx_word' id='word_1_181' title='bbox 1215 1415 1413 1456; x_wconf 83' lang='lat' dir='ltr'>legationem</span> <span class='ocrx_word' id='word_1_182' title='bbox 1432 1417 1609 1453; x_wconf 81' lang='lat' dir='ltr'>vestram5,</span> <span class='ocrx_word' id='word_1_183' title='bbox 1631 1416 1666 1448; x_wconf 87' lang='lat' dir='ltr'>in</span> <span class='ocrx_word' id='word_1_184' title='bbox 1685 1427 1751 1458; x_wconf 84' lang='lat' dir='ltr'>qua</span> 
     </span>
     <span class='ocr_line' id='line_1_27' title="bbox 100 1469 1748 1512; baseline -0.002 -10"><span class='ocrx_word' id='word_1_185' title='bbox 100 1471 202 1508; x_wconf 80' lang='lat' dir='ltr'>vobis,</span> <span class='ocrx_word' id='word_1_186' title='bbox 223 1471 308 1502; x_wconf 88' lang='lat' dir='ltr'>sicut</span> <span class='ocrx_word' id='word_1_187' title='bbox 325 1470 394 1502; x_wconf 86' lang='lat' dir='ltr'>Deo</span> <span class='ocrx_word' id='word_1_188' title='bbox 412 1470 534 1511; x_wconf 83' lang='lat' dir='ltr'>gratias</span> <span class='ocrx_word' id='word_1_189' title='bbox 552 1469 728 1512; x_wconf 84' lang='lat' dir='ltr'>prudentia</span> <span class='ocrx_word' id='word_1_190' title='bbox 745 1473 854 1501; x_wconf 87' lang='lat' dir='ltr'>vestra</span> <span class='ocrx_word' id='word_1_191' title='bbox 871 1480 930 1500; x_wconf 92' lang='lat' dir='ltr'>vos</span> <span class='ocrx_word' id='word_1_192' title='bbox 947 1469 1053 1506; x_wconf 86' lang='lat' dir='ltr'>docet,</span> <span class='ocrx_word' id='word_1_193' title='bbox 1073 1469 1154 1500; x_wconf 86' lang='lat' dir='ltr'>satis</span> <span class='ocrx_word' id='word_1_194' title='bbox 1169 1472 1267 1500; x_wconf 88' lang='lat' dir='ltr'>caute</span> <span class='ocrx_word' id='word_1_195' title='bbox 1285 1473 1318 1499; x_wconf 86' lang='lat' dir='ltr'>et</span> <span class='ocrx_word' id='word_1_196' title='bbox 1337 1469 1470 1510; x_wconf 83' lang='lat' dir='ltr'>provide</span> <span class='ocrx_word' id='word_1_197' title='bbox 1488 1472 1538 1500; x_wconf 86' lang='lat' dir='ltr'>est</span> <span class='ocrx_word' id='word_1_198' title='bbox 1557 1480 1684 1500; x_wconf 85' lang='lat' dir='ltr'>necesse</span> <span class='ocrx_word' id='word_1_199' title='bbox 1702 1469 1748 1500; x_wconf 89' lang='lat' dir='ltr'>in-</span> 
     </span>
     <span class='ocr_line' id='line_1_28' title="bbox 99 1521 1752 1565; baseline -0.001 -9"><span class='ocrx_word' id='word_1_200' title='bbox 99 1525 220 1562; x_wconf 89' lang='lat' dir='ltr'>cedere,</span> <span class='ocrx_word' id='word_1_201' title='bbox 241 1524 319 1565; x_wconf 88' lang='lat' dir='ltr'>quia</span> <span class='ocrx_word' id='word_1_202' title='bbox 333 1523 411 1556; x_wconf 87' lang='lat' dir='ltr'>talis</span> <span class='ocrx_word' id='word_1_203' title='bbox 425 1527 474 1555; x_wconf 88' lang='lat' dir='ltr'>est</span> <span class='ocrx_word' id='word_1_204' title='bbox 487 1534 585 1555; x_wconf 88' lang='lat' dir='ltr'>causa</span> <span class='ocrx_word' id='word_1_205' title='bbox 599 1527 632 1555; x_wconf 91' lang='lat' dir='ltr'>et</span> <span class='ocrx_word' id='word_1_206' title='bbox 647 1523 681 1554; x_wconf 87' lang='lat' dir='ltr'>in</span> <span class='ocrx_word' id='word_1_207' title='bbox 695 1526 768 1554; x_wconf 87' lang='lat' dir='ltr'>tam</span> <span class='ocrx_word' id='word_1_208' title='bbox 782 1522 1052 1554; x_wconf 76' lang='lat' dir='ltr'>eminentissimis</span> <span class='ocrx_word' id='word_1_209' title='bbox 1068 1522 1214 1564; x_wconf 86' lang='lat' dir='ltr'>personis</span> <span class='ocrx_word' id='word_1_210' title='bbox 1229 1525 1262 1552; x_wconf 87' lang='lat' dir='ltr'>et</span> <span class='ocrx_word' id='word_1_211' title='bbox 1277 1521 1311 1552; x_wconf 85' lang='lat' dir='ltr'>in</span> <span class='ocrx_word' id='word_1_212' title='bbox 1326 1522 1515 1553; x_wconf 88' lang='lat' dir='ltr'>huiusmodi</span> <span class='ocrx_word' id='word_1_213' title='bbox 1529 1522 1652 1560; x_wconf 83' lang='lat' dir='ltr'>ordine,</span> <span class='ocrx_word' id='word_1_214' title='bbox 1667 1533 1752 1563; x_wconf 88' lang='lat' dir='ltr'>quae</span> 
     </span>
     <span class='ocr_line' id='line_1_29' title="bbox 99 1574 1750 1617; baseline -0.002 -7"><span class='ocrx_word' id='word_1_215' title='bbox 99 1577 141 1610; x_wconf 84' lang='lat' dir='ltr'>ab</span> <span class='ocrx_word' id='word_1_216' title='bbox 155 1577 310 1610; x_wconf 89' lang='lat' dir='ltr'>omnibus</span> <span class='ocrx_word' id='word_1_217' title='bbox 324 1577 386 1608; x_wconf 87' lang='lat' dir='ltr'>erit</span> <span class='ocrx_word' id='word_1_218' title='bbox 401 1580 438 1608; x_wconf 89' lang='lat' dir='ltr'>ut</span> <span class='ocrx_word' id='word_1_219' title='bbox 453 1587 581 1608; x_wconf 87' lang='lat' dir='ltr'>necesse</span> <span class='ocrx_word' id='word_1_220' title='bbox 594 1576 754 1617; x_wconf 83' lang='lat' dir='ltr'>cognosci,</span> <span class='ocrx_word' id='word_1_221' title='bbox 769 1575 817 1607; x_wconf 87' lang='lat' dir='ltr'>ita</span> <span class='ocrx_word' id='word_1_222' title='bbox 830 1576 932 1607; x_wconf 86' lang='lat' dir='ltr'>etiam</span> <span class='ocrx_word' id='word_1_223' title='bbox 947 1575 1135 1617; x_wconf 89' lang='lat' dir='ltr'>ponderari;</span> <span class='ocrx_word' id='word_1_224' title='bbox 1149 1575 1320 1616; x_wconf 90' lang='lat' dir='ltr'>quoniam,</span> <span class='ocrx_word' id='word_1_225' title='bbox 1337 1578 1375 1606; x_wconf 92' lang='lat' dir='ltr'>ut</span> <span class='ocrx_word' id='word_1_226' title='bbox 1390 1574 1593 1606; x_wconf 83' lang='lat' dir='ltr'>Caelestinus</span> <span class='ocrx_word' id='word_1_227' title='bbox 1607 1575 1718 1606; x_wconf 83' lang='lat' dir='ltr'>scribit</span> <span class='ocrx_word' id='word_1_228' title='bbox 1727 1575 1750 1612; x_wconf 77' lang='lat'>⁶,</span> 
     </span>
     <span class='ocr_line' id='line_1_30' title="bbox 101 1628 1753 1670; baseline -0.001 -10"><span class='ocrx_word' id='word_1_229' title='bbox 101 1634 268 1661; x_wconf 78' lang='lat' dir='ltr'>universalis</span> <span class='ocrx_word' id='word_1_230' title='bbox 279 1633 398 1660; x_wconf 73' lang='lat' dir='ltr'>ecclesia</span> <span class='ocrx_word' id='word_1_231' title='bbox 410 1641 590 1668; x_wconf 80' lang='lat' dir='ltr'>quacumque</span> <span class='ocrx_word' id='word_1_232' title='bbox 603 1633 733 1659; x_wconf 72' lang='lat' dir='ltr'>novitate</span> <span class='ocrx_word' id='word_1_233' title='bbox 746 1632 886 1667; x_wconf 76' lang='lat' dir='ltr'>pulsatur.</span> <span class='ocrx_word' id='word_1_234' title='bbox 898 1629 959 1661; x_wconf 88' lang='lat' dir='ltr'>Est</span> <span class='ocrx_word' id='word_1_235' title='bbox 971 1628 1061 1660; x_wconf 87' lang='lat' dir='ltr'>enim</span> <span class='ocrx_word' id='word_1_236' title='bbox 1074 1629 1159 1660; x_wconf 88' lang='lat' dir='ltr'>inter</span> <span class='ocrx_word' id='word_1_237' title='bbox 1171 1639 1280 1670; x_wconf 83' lang='lat' dir='ltr'>regem</span> <span class='ocrx_word' id='word_1_238' title='bbox 1292 1639 1407 1669; x_wconf 82' lang='lat' dir='ltr'>regum</span> <span class='ocrx_word' id='word_1_239' title='bbox 1419 1631 1452 1659; x_wconf 90' lang='lat' dir='ltr'>et</span> <span class='ocrx_word' id='word_1_240' title='bbox 1464 1639 1573 1669; x_wconf 86' lang='lat' dir='ltr'>regem</span> <span class='ocrx_word' id='word_1_241' title='bbox 1585 1632 1753 1660; x_wconf 86' lang='lat' dir='ltr'>terrenum</span> 
     </span>
     <span class='ocr_line' id='line_1_31' title="bbox 100 1681 1751 1725; baseline -0.001 -10"><span class='ocrx_word' id='word_1_242' title='bbox 100 1684 135 1715; x_wconf 89' lang='lat' dir='ltr'>in</span> <span class='ocrx_word' id='word_1_243' title='bbox 154 1683 222 1725; x_wconf 86' lang='lat' dir='ltr'>lege</span> <span class='ocrx_word' id='word_1_244' title='bbox 237 1683 365 1725; x_wconf 74' lang='lat' dir='ltr'>prima⁷</span> <span class='ocrx_word' id='word_1_245' title='bbox 381 1683 487 1725; x_wconf 90' lang='lat' dir='ltr'>primo</span> <span class='ocrx_word' id='word_1_246' title='bbox 502 1682 629 1714; x_wconf 83' lang='lat' dir='ltr'>homini</span> <span class='ocrx_word' id='word_1_247' title='bbox 648 1682 682 1714; x_wconf 92' lang='lat' dir='ltr'>in</span> <span class='ocrx_word' id='word_1_248' title='bbox 698 1682 847 1724; x_wconf 83' lang='lat' dir='ltr'>paradiso</span> <span class='ocrx_word' id='word_1_249' title='bbox 866 1682 945 1713; x_wconf 85' lang='lat' dir='ltr'>data</span> <span class='ocrx_word' id='word_1_250' title='bbox 965 1686 997 1713; x_wconf 90' lang='lat' dir='ltr'>et</span> <span class='ocrx_word' id='word_1_251' title='bbox 1016 1693 1035 1713; x_wconf 92' lang='lat' dir='ltr'>a</span> <span class='ocrx_word' id='word_1_252' title='bbox 1054 1682 1122 1713; x_wconf 93' lang='lat' dir='ltr'>Deo</span> <span class='ocrx_word' id='word_1_253' title='bbox 1142 1685 1176 1712; x_wconf 91' lang='lat' dir='ltr'>et</span> <span class='ocrx_word' id='word_1_254' title='bbox 1194 1681 1326 1712; x_wconf 80' lang='lat' dir='ltr'>homine</span> <span class='ocrx_word' id='word_1_255' title='bbox 1346 1682 1381 1712; x_wconf 92' lang='lat' dir='ltr'>in</span> <span class='ocrx_word' id='word_1_256' title='bbox 1400 1681 1569 1722; x_wconf 81' lang='lat' dir='ltr'>evangelio</span> <span class='ocrx_word' id='word_1_257' title='bbox 1589 1681 1751 1719; x_wconf 81' lang='lat' dir='ltr'>roborata,</span> 
     </span>
     <span class='ocr_line' id='line_1_32' title="bbox 101 1734 1752 1776; baseline -0.002 -7"><span class='ocrx_word' id='word_1_258' title='bbox 101 1741 150 1769; x_wconf 85' lang='lat' dir='ltr'>est</span> <span class='ocrx_word' id='word_1_259' title='bbox 162 1737 264 1769; x_wconf 88' lang='lat' dir='ltr'>etiam</span> <span class='ocrx_word' id='word_1_260' title='bbox 276 1737 316 1768; x_wconf 90' lang='lat' dir='ltr'>de</span> <span class='ocrx_word' id='word_1_261' title='bbox 328 1747 427 1768; x_wconf 86' lang='lat' dir='ltr'>causa</span> <span class='ocrx_word' id='word_1_262' title='bbox 440 1736 534 1767; x_wconf 88' lang='lat' dir='ltr'>nobis</span> <span class='ocrx_word' id='word_1_263' title='bbox 546 1736 705 1768; x_wconf 90' lang='lat' dir='ltr'>hactenus</span> <span class='ocrx_word' id='word_1_264' title='bbox 717 1735 878 1773; x_wconf 84' lang='lat' dir='ltr'>inaudita,</span> <span class='ocrx_word' id='word_1_265' title='bbox 893 1746 933 1767; x_wconf 82' lang='lat' dir='ltr'>ex</span> <span class='ocrx_word' id='word_1_266' title='bbox 946 1746 1012 1776; x_wconf 89' lang='lat' dir='ltr'>qua</span> <span class='ocrx_word' id='word_1_267' title='bbox 1026 1734 1190 1766; x_wconf 82' lang='lat' dir='ltr'>subtiliter</span> <span class='ocrx_word' id='word_1_268' title='bbox 1205 1745 1332 1766; x_wconf 89' lang='lat' dir='ltr'>necesse</span> <span class='ocrx_word' id='word_1_269' title='bbox 1345 1735 1406 1765; x_wconf 86' lang='lat' dir='ltr'>erit</span> <span class='ocrx_word' id='word_1_270' title='bbox 1419 1735 1633 1766; x_wconf 85' lang='lat' dir='ltr'>auctoritates</span> <span class='ocrx_word' id='word_1_271' title='bbox 1646 1745 1752 1766; x_wconf 86' lang='lat' dir='ltr'>sacras</span> 
     </span>
     <span class='ocr_line' id='line_1_33' title="bbox 100 1787 1752 1830; baseline -0.001 -9"><span class='ocrx_word' id='word_1_272' title='bbox 100 1789 263 1822; x_wconf 88' lang='lat' dir='ltr'>revolvere</span> <span class='ocrx_word' id='word_1_273' title='bbox 282 1793 314 1821; x_wconf 91' lang='lat' dir='ltr'>et</span> <span class='ocrx_word' id='word_1_274' title='bbox 333 1789 418 1830; x_wconf 84' lang='lat' dir='ltr'>leges</span> <span class='ocrx_word' id='word_1_275' title='bbox 437 1789 637 1821; x_wconf 84' lang='lat' dir='ltr'>Christianas</span> <span class='ocrx_word' id='word_1_276' title='bbox 655 1789 864 1829; x_wconf 85' lang='lat' dir='ltr'>interrogare,</span> <span class='ocrx_word' id='word_1_277' title='bbox 885 1788 1110 1830; x_wconf 90' lang='lat' dir='ltr'>pontificalem</span> <span class='ocrx_word' id='word_1_278' title='bbox 1128 1788 1364 1820; x_wconf 86' lang='lat' dir='ltr'>auctoritatem</span> <span class='ocrx_word' id='word_1_279' title='bbox 1383 1788 1418 1818; x_wconf 91' lang='lat' dir='ltr'>in</span> <span class='ocrx_word' id='word_1_280' title='bbox 1437 1787 1487 1819; x_wconf 87' lang='lat' dir='ltr'>sui</span> <span class='ocrx_word' id='word_1_281' title='bbox 1506 1787 1752 1819; x_wconf 81' lang='lat' dir='ltr'>examinatione</span> 
     </span>
     <span class='ocr_line' id='line_1_34' title="bbox 102 1840 1696 1884; baseline -0.002 -9"><span class='ocrx_word' id='word_1_282' title='bbox 102 1844 224 1875; x_wconf 89' lang='lat' dir='ltr'>sincero</span> <span class='ocrx_word' id='word_1_283' title='bbox 245 1847 278 1874; x_wconf 89' lang='lat' dir='ltr'>et</span> <span class='ocrx_word' id='word_1_284' title='bbox 296 1846 394 1874; x_wconf 87' lang='lat' dir='ltr'>cauto</span> <span class='ocrx_word' id='word_1_285' title='bbox 413 1853 523 1884; x_wconf 85' lang='lat' dir='ltr'>gressu</span> <span class='ocrx_word' id='word_1_286' title='bbox 542 1842 688 1874; x_wconf 87' lang='lat' dir='ltr'>incedere</span> <span class='ocrx_word' id='word_1_287' title='bbox 708 1846 741 1873; x_wconf 87' lang='lat' dir='ltr'>et</span> <span class='ocrx_word' id='word_1_288' title='bbox 759 1853 925 1883; x_wconf 87' lang='lat' dir='ltr'>quemque</span> <span class='ocrx_word' id='word_1_289' title='bbox 945 1841 1170 1873; x_wconf 83' lang='lat' dir='ltr'>Christianum</span> <span class='ocrx_word' id='word_1_290' title='bbox 1189 1852 1208 1872; x_wconf 86' lang='lat' dir='ltr'>a</span> <span class='ocrx_word' id='word_1_291' title='bbox 1227 1844 1314 1872; x_wconf 86' lang='lat' dir='ltr'>recto</span> <span class='ocrx_word' id='word_1_292' title='bbox 1335 1841 1451 1872; x_wconf 88' lang='lat' dir='ltr'>itinere</span> <span class='ocrx_word' id='word_1_293' title='bbox 1471 1851 1537 1871; x_wconf 87' lang='lat' dir='ltr'>non</span> <span class='ocrx_word' id='word_1_294' title='bbox 1556 1840 1696 1872; x_wconf 89' lang='lat' dir='ltr'>deviare.</span> 
     </span>
    </p>

    <p class='ocr_par' dir='ltr' id='par_1_16' title="bbox 100 1894 1753 2256">
     <span class='ocr_line' id='line_1_35' title="bbox 194 1894 1750 1938; baseline -0.003 -10"><span class='ocrx_word' id='word_1_295' title='bbox 194 1895 368 1938; x_wconf 87' lang='lat' dir='ltr'>Oportebit</span> <span class='ocrx_word' id='word_1_296' title='bbox 382 1906 442 1927; x_wconf 88' lang='lat' dir='ltr'>vos</span> <span class='ocrx_word' id='word_1_297' title='bbox 459 1895 620 1937; x_wconf 85' lang='lat' dir='ltr'>siquidem</span> <span class='ocrx_word' id='word_1_298' title='bbox 636 1894 816 1937; x_wconf 89' lang='lat' dir='ltr'>apostolico</span> <span class='ocrx_word' id='word_1_299' title='bbox 833 1894 913 1926; x_wconf 86' lang='lat' dir='ltr'>talia</span> <span class='ocrx_word' id='word_1_300' title='bbox 930 1895 1096 1932; x_wconf 86' lang='lat' dir='ltr'>intimare,</span> <span class='ocrx_word' id='word_1_301' title='bbox 1113 1905 1198 1935; x_wconf 89' lang='lat' dir='ltr'>quae</span> <span class='ocrx_word' id='word_1_302' title='bbox 1215 1905 1256 1925; x_wconf 83' lang='lat' dir='ltr'>ex</span> <span class='ocrx_word' id='word_1_303' title='bbox 1272 1894 1366 1925; x_wconf 87' lang='lat' dir='ltr'>corde</span> <span class='ocrx_word' id='word_1_304' title='bbox 1384 1897 1417 1925; x_wconf 91' lang='lat' dir='ltr'>et</span> <span class='ocrx_word' id='word_1_305' title='bbox 1433 1904 1488 1925; x_wconf 88' lang='lat' dir='ltr'>ore</span> <span class='ocrx_word' id='word_1_306' title='bbox 1503 1894 1662 1925; x_wconf 89' lang='lat' dir='ltr'>veraciter</span> <span class='ocrx_word' id='word_1_307' title='bbox 1679 1905 1750 1935; x_wconf 90' lang='lat' dir='ltr'>pro-</span> 
     </span>
     <span class='ocr_line' id='line_1_36' title="bbox 100 1946 1752 1990; baseline -0.002 -10"><span class='ocrx_word' id='word_1_308' title='bbox 100 1949 179 1987; x_wconf 85' lang='lat' dir='ltr'>lata,</span> <span class='ocrx_word' id='word_1_309' title='bbox 209 1949 295 1980; x_wconf 86' lang='lat' dir='ltr'>sicut</span> <span class='ocrx_word' id='word_1_310' title='bbox 324 1949 388 1980; x_wconf 87' lang='lat' dir='ltr'>scio</span> <span class='ocrx_word' id='word_1_311' title='bbox 409 1949 568 1990; x_wconf 91' lang='lat' dir='ltr'>quoniam</span> <span class='ocrx_word' id='word_1_312' title='bbox 591 1948 728 1985; x_wconf 81' lang='lat' dir='ltr'>facietis,</span> <span class='ocrx_word' id='word_1_313' title='bbox 757 1948 878 1979; x_wconf 89' lang='lat' dir='ltr'>divinis</span> <span class='ocrx_word' id='word_1_314' title='bbox 906 1947 1009 1979; x_wconf 87' lang='lat' dir='ltr'>oculis</span> <span class='ocrx_word' id='word_1_315' title='bbox 1037 1947 1177 1979; x_wconf 88' lang='lat' dir='ltr'>debeant</span> <span class='ocrx_word' id='word_1_316' title='bbox 1206 1958 1374 1988; x_wconf 87' lang='lat' dir='ltr'>apparere,</span> <span class='ocrx_word' id='word_1_317' title='bbox 1404 1950 1447 1984; x_wconf 90' lang='lat' dir='ltr'>et,</span> <span class='ocrx_word' id='word_1_318' title='bbox 1480 1950 1516 1977; x_wconf 87' lang='lat' dir='ltr'>ut</span> <span class='ocrx_word' id='word_1_319' title='bbox 1540 1958 1636 1978; x_wconf 90' lang='lat' dir='ltr'>nemo</span> <span class='ocrx_word' id='word_1_320' title='bbox 1658 1946 1752 1978; x_wconf 87' lang='lat' dir='ltr'>aliter</span> 
     </span>
     <span class='ocr_line' id='line_1_37' title="bbox 102 1999 1752 2045; baseline -0.001 -12"><span class='ocrx_word' id='word_1_321' title='bbox 102 2007 216 2045; x_wconf 84' lang='lat' dir='ltr'>postea</span> <span class='ocrx_word' id='word_1_322' title='bbox 230 2001 341 2034; x_wconf 88' lang='lat' dir='ltr'>valeat</span> <span class='ocrx_word' id='word_1_323' title='bbox 358 2002 514 2039; x_wconf 87' lang='lat' dir='ltr'>invenire,</span> <span class='ocrx_word' id='word_1_324' title='bbox 533 2002 572 2033; x_wconf 87' lang='lat' dir='ltr'>de</span> <span class='ocrx_word' id='word_1_325' title='bbox 589 2001 757 2033; x_wconf 87' lang='lat' dir='ltr'>nullorum</span> <span class='ocrx_word' id='word_1_326' title='bbox 774 2012 936 2032; x_wconf 88' lang='lat' dir='ltr'>consensu</span> <span class='ocrx_word' id='word_1_327' title='bbox 954 2001 1020 2032; x_wconf 91' lang='lat' dir='ltr'>sive</span> <span class='ocrx_word' id='word_1_328' title='bbox 1038 2001 1268 2042; x_wconf 87' lang='lat' dir='ltr'>episcoporum</span> <span class='ocrx_word' id='word_1_329' title='bbox 1284 1999 1336 2031; x_wconf 91' lang='lat' dir='ltr'>vel</span> <span class='ocrx_word' id='word_1_330' title='bbox 1352 1999 1576 2041; x_wconf 91' lang='lat' dir='ltr'>quorumlibet</span> <span class='ocrx_word' id='word_1_331' title='bbox 1594 1999 1752 2032; x_wconf 88' lang='lat' dir='ltr'>laicorum</span> 
     </span>
     <span class='ocr_line' id='line_1_38' title="bbox 102 2053 1753 2098; baseline -0.001 -12"><span class='ocrx_word' id='word_1_332' title='bbox 102 2067 160 2098; x_wconf 89' lang='lat' dir='ltr'>pro</span> <span class='ocrx_word' id='word_1_333' title='bbox 182 2056 422 2096; x_wconf 89' lang='lat' dir='ltr'>cuiuscumque</span> <span class='ocrx_word' id='word_1_334' title='bbox 444 2055 602 2087; x_wconf 91' lang='lat' dir='ltr'>obtentus</span> <span class='ocrx_word' id='word_1_335' title='bbox 624 2055 809 2086; x_wconf 87' lang='lat' dir='ltr'>intentione</span> <span class='ocrx_word' id='word_1_336' title='bbox 832 2054 1030 2096; x_wconf 81' lang='lat' dir='ltr'>apostolicae</span> <span class='ocrx_word' id='word_1_337' title='bbox 1054 2053 1121 2085; x_wconf 86' lang='lat' dir='ltr'>sedi</span> <span class='ocrx_word' id='word_1_338' title='bbox 1145 2064 1324 2095; x_wconf 83' lang='lat' dir='ltr'>suggerere,</span> <span class='ocrx_word' id='word_1_339' title='bbox 1349 2053 1411 2084; x_wconf 89' lang='lat' dir='ltr'>nisi</span> <span class='ocrx_word' id='word_1_340' title='bbox 1434 2053 1474 2084; x_wconf 92' lang='lat' dir='ltr'>de</span> <span class='ocrx_word' id='word_1_341' title='bbox 1496 2063 1639 2094; x_wconf 90' lang='lat' dir='ltr'>quorum</span> <span class='ocrx_word' id='word_1_342' title='bbox 1663 2053 1753 2084; x_wconf 90' lang='lat' dir='ltr'>scitis</span> 
     </span>
     <span class='ocr_line' id='line_1_39' title="bbox 101 2105 1751 2148; baseline -0.002 -8"><span class='ocrx_word' id='word_1_343' title='bbox 101 2112 248 2141; x_wconf 88' lang='lat' dir='ltr'>tractatu</span> <span class='ocrx_word' id='word_1_344' title='bbox 262 2119 398 2141; x_wconf 87' lang='lat' dir='ltr'>causam</span> <span class='ocrx_word' id='word_1_345' title='bbox 412 2112 572 2146; x_wconf 89' lang='lat' dir='ltr'>constare,</span> <span class='ocrx_word' id='word_1_346' title='bbox 595 2108 643 2140; x_wconf 85' lang='lat' dir='ltr'>ita</span> <span class='ocrx_word' id='word_1_347' title='bbox 666 2107 880 2140; x_wconf 79' lang='lat' dir='ltr'>nihilominus</span> <span class='ocrx_word' id='word_1_348' title='bbox 901 2118 986 2148; x_wconf 86' lang='lat' dir='ltr'>quae</span> <span class='ocrx_word' id='word_1_349' title='bbox 1008 2107 1158 2138; x_wconf 85' lang='lat' dir='ltr'>iniuncta</span> <span class='ocrx_word' id='word_1_350' title='bbox 1181 2110 1260 2137; x_wconf 88' lang='lat' dir='ltr'>sunt</span> <span class='ocrx_word' id='word_1_351' title='bbox 1282 2106 1411 2147; x_wconf 81' lang='lat' dir='ltr'>exequi,</span> <span class='ocrx_word' id='word_1_352' title='bbox 1436 2109 1484 2144; x_wconf 91' lang='lat' dir='ltr'>ut,</span> <span class='ocrx_word' id='word_1_353' title='bbox 1500 2110 1667 2147; x_wconf 87' lang='lat' dir='ltr'>quantum</span> <span class='ocrx_word' id='word_1_354' title='bbox 1683 2105 1751 2137; x_wconf 87' lang='lat' dir='ltr'>fieri</span> 
     </span>
     <span class='ocr_line' id='line_1_40' title="bbox 103 2158 1752 2204; baseline -0.002 -11"><span class='ocrx_word' id='word_1_355' title='bbox 103 2162 235 2204; x_wconf 82' lang='lat' dir='ltr'>poterit,</span> <span class='ocrx_word' id='word_1_356' title='bbox 253 2162 413 2193; x_wconf 87' lang='lat' dir='ltr'>seniorem</span> <span class='ocrx_word' id='word_1_357' title='bbox 429 2162 600 2193; x_wconf 80' lang='lat' dir='ltr'>vestrum8</span> <span class='ocrx_word' id='word_1_358' title='bbox 618 2172 685 2192; x_wconf 89' lang='lat' dir='ltr'>non</span> <span class='ocrx_word' id='word_1_359' title='bbox 702 2161 834 2203; x_wconf 90' lang='lat' dir='ltr'>possitis</span> <span class='ocrx_word' id='word_1_360' title='bbox 851 2160 1014 2192; x_wconf 79' lang='lat' dir='ltr'>offendere</span> <span class='ocrx_word' id='word_1_361' title='bbox 1031 2163 1064 2191; x_wconf 91' lang='lat' dir='ltr'>et</span> <span class='ocrx_word' id='word_1_362' title='bbox 1079 2159 1253 2201; x_wconf 86' lang='lat' dir='ltr'>praecipue</span> <span class='ocrx_word' id='word_1_363' title='bbox 1269 2159 1357 2200; x_wconf 91' lang='lat' dir='ltr'>quod</span> <span class='ocrx_word' id='word_1_364' title='bbox 1374 2159 1503 2200; x_wconf 84' lang='lat' dir='ltr'>egeritis</span> <span class='ocrx_word' id='word_1_365' title='bbox 1520 2159 1618 2190; x_wconf 87' lang='lat' dir='ltr'>sacris</span> <span class='ocrx_word' id='word_1_366' title='bbox 1634 2158 1752 2200; x_wconf 86' lang='lat' dir='ltr'>regulis</span> 
     </span>
     <span class='ocr_line' id='line_1_41' title="bbox 104 2211 1569 2256; baseline -0.002 -10"><span class='ocrx_word' id='word_1_367' title='bbox 104 2226 170 2246; x_wconf 87' lang='lat' dir='ltr'>non</span> <span class='ocrx_word' id='word_1_368' title='bbox 188 2215 306 2247; x_wconf 89' lang='lat' dir='ltr'>debeat</span> <span class='ocrx_word' id='word_1_369' title='bbox 324 2214 454 2246; x_wconf 85' lang='lat' dir='ltr'>obviare</span> <span class='ocrx_word' id='word_1_370' title='bbox 473 2214 536 2252; x_wconf 87' lang='lat' dir='ltr'>vel,</span> <span class='ocrx_word' id='word_1_371' title='bbox 556 2215 645 2256; x_wconf 89' lang='lat' dir='ltr'>quod</span> <span class='ocrx_word' id='word_1_372' title='bbox 663 2214 761 2252; x_wconf 84' lang='lat' dir='ltr'>absit,</span> <span class='ocrx_word' id='word_1_373' title='bbox 782 2214 912 2245; x_wconf 88' lang='lat' dir='ltr'>divinae</span> <span class='ocrx_word' id='word_1_374' title='bbox 931 2212 1093 2254; x_wconf 84' lang='lat' dir='ltr'>aequitati</span> <span class='ocrx_word' id='word_1_375' title='bbox 1111 2216 1212 2253; x_wconf 80' lang='lat' dir='ltr'>atque</span> <span class='ocrx_word' id='word_1_376' title='bbox 1231 2211 1378 2244; x_wconf 89' lang='lat' dir='ltr'>iustitiae</span> <span class='ocrx_word' id='word_1_377' title='bbox 1396 2212 1569 2244; x_wconf 88' lang='lat' dir='ltr'>contraire.</span> 
     </span>
    </p>
   </div>
   <div class='ocr_carea' id='block_1_15' title="bbox 107 2336 1751 2417">
    <p class='ocr_par' dir='ltr' id='par_1_17' title="bbox 107 2336 1751 2417">
     <span class='ocr_line' id='line_1_42' title="bbox 195 2336 1751 2373; baseline -0.003 -7"><span class='ocrx_word' id='word_1_378' title='bbox 195 2340 221 2372; x_wconf 85' lang='lat'>*)</span> <span class='ocrx_word' id='word_1_379' title='bbox 249 2340 426 2372; x_wconf 69' lang='lat' dir='ltr'>Vorausyelzt:</span> <span class='ocrx_word' id='word_1_380' title='bbox 462 2339 500 2365; x_wconf 87' lang='lat' dir='ltr'>Et</span> <span class='ocrx_word' id='word_1_381' title='bbox 527 2342 592 2373; x_wconf 82' lang='lat' dir='ltr'>post</span> <span class='ocrx_word' id='word_1_382' title='bbox 621 2339 760 2373; x_wconf 86' lang='lat' dir='ltr'>quaedam</span> <span class='ocrx_word' id='word_1_383' title='bbox 789 2339 950 2372; x_wconf 75' lang='lat' dir='ltr'>praeposita</span> <span class='ocrx_word' id='word_1_384' title='bbox 977 2347 1013 2363; x_wconf 74' lang='lat' dir='ltr'>cx</span> <span class='ocrx_word' id='word_1_385' title='bbox 1041 2338 1163 2370; x_wconf 73' lang='lat' dir='ltr'>negotio,</span> <span class='ocrx_word' id='word_1_386' title='bbox 1192 2346 1242 2370; x_wconf 87' lang='lat' dir='ltr'>pro</span> <span class='ocrx_word' id='word_1_387' title='bbox 1271 2346 1327 2370; x_wconf 85' lang='lat' dir='ltr'>quo</span> <span class='ocrx_word' id='word_1_388' title='bbox 1355 2337 1473 2362; x_wconf 80' lang='lat' dir='ltr'>missum</span> <span class='ocrx_word' id='word_1_389' title='bbox 1500 2345 1583 2362; x_wconf 85' lang='lat' dir='ltr'>suum</span> <span class='ocrx_word' id='word_1_390' title='bbox 1610 2336 1751 2361; x_wconf 79' lang='lat' dir='ltr'>direxerat</span> 
     </span>
     <span class='ocr_line' id='line_1_43' title="bbox 107 2384 381 2417; baseline -0.004 -7"><span class='ocrx_word' id='word_1_391' title='bbox 107 2384 286 2417; x_wconf 74' lang='lat' dir='ltr'>(Adventius)</span> <span class='ocrx_word' id='word_1_392' title='bbox 314 2384 381 2417; x_wconf 90' lang='lat' dir='ltr'><em>(B).</em></span> 
     </span>
    </p>
   </div>
   <div class='ocr_carea' id='block_1_16' title="bbox 105 2477 1749 2692">
    <p class='ocr_par' dir='ltr' id='par_1_18' title="bbox 105 2477 1749 2692">
     <span class='ocr_line' id='line_1_44' title="bbox 197 2477 1748 2515; baseline -0.004 -7"><span class='ocrx_word' id='word_1_393' title='bbox 197 2484 221 2514; x_wconf 92' lang='lat' dir='ltr'>l)</span> <span class='ocrx_word' id='word_1_394' title='bbox 242 2482 333 2507; x_wconf 67' lang='lat' dir='ltr'>Codex</span> <span class='ocrx_word' id='word_1_395' title='bbox 345 2490 478 2507; x_wconf 49' lang='lat' dir='ltr'>‹xz&#39;no&#39;num</span> <span class='ocrx_word' id='word_1_396' title='bbox 493 2482 595 2515; x_wconf 82' lang='lat'><em>(1609)</em></span> <span class='ocrx_word' id='word_1_397' title='bbox 605 2482 634 2507; x_wconf 87' lang='lat' dir='ltr'>S.</span> <span class='ocrx_word' id='word_1_398' title='bbox 644 2482 707 2511; x_wconf 67' lang='lat'>454;</span> <span class='ocrx_word' id='word_1_399' title='bbox 726 2481 879 2507; x_wconf 60' lang='lat' dir='ltr'>Hinschins</span> <span class='ocrx_word' id='word_1_400' title='bbox 889 2481 917 2505; x_wconf 80' lang='lat' dir='ltr'>S.</span> <span class='ocrx_word' id='word_1_401' title='bbox 928 2480 980 2505; x_wconf 81' lang='grc'>616</span> <span class='ocrx_word' id='word_1_402' title='bbox 994 2480 1090 2512; x_wconf 54' lang='grc' dir='ltr'><em>(ιλ-Κ.</em></span> <span class='ocrx_word' id='word_1_403' title='bbox 1104 2479 1182 2512; x_wconf 67' lang='lat'><strong><em>544).</em></strong></span> <span class='ocrx_word' id='word_1_404' title='bbox 1260 2479 1287 2510; x_wconf 78' lang='grc'>2)</span> <span class='ocrx_word' id='word_1_405' title='bbox 1304 2479 1360 2512; x_wconf 71' lang='lat' dir='ltr'><em>Vql.</em></span> <span class='ocrx_word' id='word_1_406' title='bbox 1371 2478 1483 2504; x_wconf 59' lang='lat' dir='ltr'>&amp;chrom-</span> <span class='ocrx_word' id='word_1_407' title='bbox 1493 2478 1521 2503; x_wconf 83' lang='lat' dir='ltr'>S.</span> <span class='ocrx_word' id='word_1_408' title='bbox 1533 2478 1584 2503; x_wconf 76' lang='lat'>187</span> <span class='ocrx_word' id='word_1_409' title='bbox 1594 2477 1651 2502; x_wconf 75' lang='lat' dir='ltr'>und</span> <span class='ocrx_word' id='word_1_410' title='bbox 1662 2478 1696 2503; x_wconf 83' lang='lat' dir='ltr'>A.</span> <span class='ocrx_word' id='word_1_411' title='bbox 1706 2477 1748 2502; x_wconf 76' lang='lat'>49.</span> 
     </span>
     <span class='ocr_line' id='line_1_45' title="bbox 105 2522 1749 2558; baseline -0.004 -6"><span class='ocrx_word' id='word_1_412' title='bbox 105 2527 133 2558; x_wconf 92' lang='grc'>3)</span> <span class='ocrx_word' id='word_1_413' title='bbox 153 2526 182 2552; x_wconf 81' lang='lat' dir='ltr'>S.</span> <span class='ocrx_word' id='word_1_414' title='bbox 201 2526 267 2552; x_wconf 79' lang='lat' dir='ltr'>oben</span> <span class='ocrx_word' id='word_1_415' title='bbox 283 2526 314 2552; x_wconf 81' lang='lat' dir='ltr'>S.</span> <span class='ocrx_word' id='word_1_416' title='bbox 329 2527 362 2552; x_wconf 66' lang='lat'>74</span> <span class='ocrx_word' id='word_1_417' title='bbox 378 2527 414 2552; x_wconf 83' lang='lat' dir='ltr'>A.</span> <span class='ocrx_word' id='word_1_418' title='bbox 428 2527 454 2552; x_wconf 89' lang='lat'>1.</span> <span class='ocrx_word' id='word_1_419' title='bbox 565 2528 594 2558; x_wconf 83' lang='lat'>4)</span> <span class='ocrx_word' id='word_1_420' title='bbox 615 2526 753 2551; x_wconf 78' lang='lat' dir='ltr'>Hinlcmar</span> <span class='ocrx_word' id='word_1_421' title='bbox 771 2528 833 2550; x_wconf 56' lang='lat' dir='ltr'>serzi&gt;</span> <span class='ocrx_word' id='word_1_422' title='bbox 852 2525 881 2550; x_wconf 73' lang='lat' dir='ltr'>in</span> <span class='ocrx_word' id='word_1_423' title='bbox 900 2525 952 2549; x_wconf 82' lang='lat' dir='ltr'>‘Dc</span> <span class='ocrx_word' id='word_1_424' title='bbox 970 2524 1091 2549; x_wconf 63' lang='lat' dir='ltr'>divortio*</span> <span class='ocrx_word' id='word_1_425' title='bbox 1113 2532 1158 2549; x_wconf 83' lang='lat' dir='ltr'>vor</span> <span class='ocrx_word' id='word_1_426' title='bbox 1176 2523 1227 2549; x_wconf 74' lang='lat' dir='ltr'>(len</span> <span class='ocrx_word' id='word_1_427' title='bbox 1248 2523 1325 2555; x_wconf 77' lang='lat' dir='ltr'>Bries</span> <span class='ocrx_word' id='word_1_428' title='bbox 1350 2522 1394 2548; x_wconf 81' lang='lat' dir='ltr'>die</span> <span class='ocrx_word' id='word_1_429' title='bbox 1415 2522 1596 2554; x_wconf 71' lang='lat' dir='ltr'>Bemerkuny:</span> <span class='ocrx_word' id='word_1_430' title='bbox 1616 2523 1749 2547; x_wconf 86' lang='lat' dir='ltr'>Processu</span> 
     </span>
     <span class='ocr_line' id='line_1_46' title="bbox 105 2566 1749 2604; baseline -0.003 -8"><span class='ocrx_word' id='word_1_431' title='bbox 105 2570 224 2604; x_wconf 85' lang='lat' dir='ltr'>denique</span> <span class='ocrx_word' id='word_1_432' title='bbox 245 2571 380 2604; x_wconf 87' lang='lat' dir='ltr'>temporis</span> <span class='ocrx_word' id='word_1_433' title='bbox 399 2570 489 2596; x_wconf 86' lang='lat' dir='ltr'>isdem</span> <span class='ocrx_word' id='word_1_434' title='bbox 508 2571 629 2596; x_wconf 84' lang='lat' dir='ltr'>domnus</span> <span class='ocrx_word' id='word_1_435' title='bbox 649 2570 809 2596; x_wconf 84' lang='lat' dir='ltr'>Adventius</span> <span class='ocrx_word' id='word_1_436' title='bbox 828 2569 864 2595; x_wconf 76' lang='lat' dir='ltr'>ad</span> <span class='ocrx_word' id='word_1_437' title='bbox 886 2577 929 2594; x_wconf 85' lang='lat' dir='ltr'>me</span> <span class='ocrx_word' id='word_1_438' title='bbox 950 2569 1066 2594; x_wconf 75' lang='lat' dir='ltr'>missum</span> <span class='ocrx_word' id='word_1_439' title='bbox 1086 2577 1168 2594; x_wconf 89' lang='lat' dir='ltr'>suum</span> <span class='ocrx_word' id='word_1_440' title='bbox 1188 2568 1340 2597; x_wconf 75' lang='lat' dir='ltr'>direxerat,</span> <span class='ocrx_word' id='word_1_441' title='bbox 1360 2575 1409 2600; x_wconf 85' lang='lat' dir='ltr'>per</span> <span class='ocrx_word' id='word_1_442' title='bbox 1429 2575 1512 2600; x_wconf 77' lang='lat' dir='ltr'>quem</span> <span class='ocrx_word' id='word_1_443' title='bbox 1532 2567 1557 2591; x_wconf 92' lang='lat' dir='ltr'>ei</span> <span class='ocrx_word' id='word_1_444' title='bbox 1578 2567 1628 2592; x_wconf 82' lang='lat' dir='ltr'>has</span> <span class='ocrx_word' id='word_1_445' title='bbox 1647 2566 1749 2591; x_wconf 81' lang='lat' dir='ltr'>iterum</span> 
     </span>
     <span class='ocr_line' id='line_1_47' title="bbox 107 2610 1749 2648; baseline -0.002 -9"><span class='ocrx_word' id='word_1_446' title='bbox 107 2615 215 2642; x_wconf 83' lang='lat' dir='ltr'>litteras</span> <span class='ocrx_word' id='word_1_447' title='bbox 228 2615 370 2641; x_wconf 80' lang='lat' dir='ltr'>destinavi</span> <span class='ocrx_word' id='word_1_448' title='bbox 387 2615 499 2648; x_wconf 77' lang='lat' dir='ltr'>(Miyne</span> <span class='ocrx_word' id='word_1_449' title='bbox 511 2615 572 2644; x_wconf 81' lang='lat'>125,</span> <span class='ocrx_word' id='word_1_450' title='bbox 587 2615 665 2647; x_wconf 73' lang='lat'><em>647).</em></span> <span class='ocrx_word' id='word_1_451' title='bbox 682 2630 715 2633; x_wconf 94' lang='lat'>—</span> <span class='ocrx_word' id='word_1_452' title='bbox 727 2613 876 2639; x_wconf 71' lang='lat' dir='ltr'>FIodoards</span> <span class='ocrx_word' id='word_1_453' title='bbox 891 2613 983 2645; x_wconf 53' lang='lat' dir='ltr'>Royan!</span> <span class='ocrx_word' id='word_1_454' title='bbox 999 2612 1076 2645; x_wconf 93' lang='lat' dir='ltr'>(III,</span> <span class='ocrx_word' id='word_1_455' title='bbox 1090 2612 1133 2642; x_wconf 77' lang='lat'>23,</span> <span class='ocrx_word' id='word_1_456' title='bbox 1149 2612 1213 2638; x_wconf 78' lang='lat' dir='ltr'>MG.</span> <span class='ocrx_word' id='word_1_457' title='bbox 1227 2612 1277 2638; x_wconf 81' lang='lat' dir='ltr'>SS.</span> <span class='ocrx_word' id='word_1_458' title='bbox 1292 2611 1382 2641; x_wconf 87' lang='lat' dir='ltr'>XIII,</span> <span class='ocrx_word' id='word_1_459' title='bbox 1397 2611 1477 2643; x_wconf 75' lang='lat'><em>528).·</em></span> <span class='ocrx_word' id='word_1_460' title='bbox 1498 2611 1573 2636; x_wconf 86' lang='lat' dir='ltr'>Item</span> <span class='ocrx_word' id='word_1_461' title='bbox 1586 2610 1620 2635; x_wconf 89' lang='lat' dir='ltr'>dc</span> <span class='ocrx_word' id='word_1_462' title='bbox 1640 2611 1749 2636; x_wconf 72' lang='lat' dir='ltr'>itinere.</span> 
     </span>
     <span class='ocr_line' id='line_1_48' title="bbox 107 2654 1748 2692; baseline -0.003 -7"><span class='ocrx_word' id='word_1_463' title='bbox 107 2659 183 2692; x_wconf 90' lang='lat' dir='ltr'>quod</span> <span class='ocrx_word' id='word_1_464' title='bbox 196 2659 271 2685; x_wconf 90' lang='lat' dir='ltr'>idem</span> <span class='ocrx_word' id='word_1_465' title='bbox 286 2659 444 2685; x_wconf 86' lang='lat' dir='ltr'>Adventius</span> <span class='ocrx_word' id='word_1_466' title='bbox 459 2660 581 2685; x_wconf 85' lang='lat' dir='ltr'>Romam</span> <span class='ocrx_word' id='word_1_467' title='bbox 596 2660 738 2692; x_wconf 85' lang='lat' dir='ltr'>petiturus</span> <span class='ocrx_word' id='word_1_468' title='bbox 752 2658 875 2683; x_wconf 79' lang='lat' dir='ltr'>debebat</span> <span class='ocrx_word' id='word_1_469' title='bbox 888 2657 1018 2690; x_wconf 82' lang='lat' dir='ltr'>incipere.</span> <span class='ocrx_word' id='word_1_470' title='bbox 1035 2672 1070 2675; x_wconf 91' lang='lat'>—</span> <span class='ocrx_word' id='word_1_471' title='bbox 1080 2656 1137 2688; x_wconf 71' lang='lat' dir='ltr'><em>Vyl.</em></span> <span class='ocrx_word' id='word_1_472' title='bbox 1152 2656 1264 2682; x_wconf 49' lang='lat' dir='ltr'>Schmin-s</span> <span class='ocrx_word' id='word_1_473' title='bbox 1277 2656 1305 2681; x_wconf 75' lang='lat' dir='ltr'>S.</span> <span class='ocrx_word' id='word_1_474' title='bbox 1320 2656 1372 2681; x_wconf 77' lang='lat'>187</span> <span class='ocrx_word' id='word_1_475' title='bbox 1386 2655 1443 2680; x_wconf 73' lang='lat' dir='ltr'>und</span> <span class='ocrx_word' id='word_1_476' title='bbox 1457 2655 1491 2680; x_wconf 86' lang='grc' dir='ltr'>Α.</span> <span class='ocrx_word' id='word_1_477' title='bbox 1504 2655 1539 2680; x_wconf 83' lang='lat'>50</span> <span class='ocrx_word' id='word_1_478' title='bbox 1553 2655 1632 2680; x_wconf 77' lang='lat' dir='ltr'>sowie</span> <span class='ocrx_word' id='word_1_479' title='bbox 1646 2654 1674 2679; x_wconf 80' lang='lat' dir='ltr'>S.</span> <span class='ocrx_word' id='word_1_480' title='bbox 1687 2654 1748 2680; x_wconf 74' lang='lat'><em>570.</em></span> 
     </span>
    </p>
   </div>
   <div class='ocr_carea' id='block_1_17' title="bbox 57 2697 1749 2823">
    <p class='ocr_par' dir='ltr' id='par_1_19' title="bbox 57 2697 1749 2823">
     <span class='ocr_line' id='line_1_49' title="bbox 57 2697 1747 2736; baseline -0.005 -6"><span class='ocrx_word' id='word_1_481' title='bbox 57 2708 85 2726; x_wconf 76' lang='lat'>40</span> <span class='ocrx_word' id='word_1_482' title='bbox 110 2703 291 2729; x_wconf 77' lang='lat' dir='ltr'>insbesondere</span> <span class='ocrx_word' id='word_1_483' title='bbox 305 2704 375 2729; x_wconf 77' lang='lat' dir='ltr'>auch·</span> <span class='ocrx_word' id='word_1_484' title='bbox 389 2712 437 2729; x_wconf 78' lang='lat' dir='ltr'>:ur</span> <span class='ocrx_word' id='word_1_485' title='bbox 451 2704 602 2736; x_wconf 63' lang='lat' dir='ltr'>Datierunq</span> <span class='ocrx_word' id='word_1_486' title='bbox 620 2703 680 2736; x_wconf 74' lang='lat' dir='ltr'>(vor</span> <span class='ocrx_word' id='word_1_487' title='bbox 692 2703 737 2728; x_wconf 72' lang='lat' dir='ltr'>der</span> <span class='ocrx_word' id='word_1_488' title='bbox 750 2703 856 2728; x_wconf 62' lang='lat' dir='ltr'>awriten</span> <span class='ocrx_word' id='word_1_489' title='bbox 870 2701 1008 2727; x_wconf 64' lang='lat' dir='ltr'>Aachener</span> <span class='ocrx_word' id='word_1_490' title='bbox 1020 2701 1155 2734; x_wconf 77' lang='lat' dir='ltr'>Synode).</span> <span class='ocrx_word' id='word_1_491' title='bbox 1250 2702 1278 2732; x_wconf 83' lang='lat'>5)</span> <span class='ocrx_word' id='word_1_492' title='bbox 1299 2700 1326 2726; x_wconf 94' lang='lat' dir='ltr'><em>N</em></span> <span class='ocrx_word' id='word_1_493' title='bbox 1328 2700 1377 2725; x_wconf 78' lang='lat' dir='ltr'>ach</span> <span class='ocrx_word' id='word_1_494' title='bbox 1390 2700 1469 2728; x_wconf 81' lang='lat' dir='ltr'>Rom,-</span> <span class='ocrx_word' id='word_1_495' title='bbox 1481 2699 1529 2731; x_wconf 75' lang='lat' dir='ltr'>vql.</span> <span class='ocrx_word' id='word_1_496' title='bbox 1543 2701 1625 2724; x_wconf 74' lang='lat' dir='ltr'>unten</span> <span class='ocrx_word' id='word_1_497' title='bbox 1634 2698 1664 2723; x_wconf 92' lang='lat' dir='ltr'>Z.</span> <span class='ocrx_word' id='word_1_498' title='bbox 1677 2698 1711 2722; x_wconf 64' lang='lat'>20·</span> <span class='ocrx_word' id='word_1_499' title='bbox 1719 2697 1747 2730; x_wconf 76' lang='lat' dir='ltr'>[l.</span> 
     </span>
     <span class='ocr_line' id='line_1_50' title="bbox 106 2741 1749 2780; baseline -0.005 -6"><span class='ocrx_word' id='word_1_500' title='bbox 106 2747 216 2773; x_wconf 80' lang='lat' dir='ltr'>Schro&#39;rs</span> <span class='ocrx_word' id='word_1_501' title='bbox 235 2756 260 2773; x_wconf 88' lang='lat' dir='ltr'>a.</span> <span class='ocrx_word' id='word_1_502' title='bbox 273 2756 298 2773; x_wconf 81' lang='grc' dir='ltr'>α.</span> <span class='ocrx_word' id='word_1_503' title='bbox 310 2748 340 2773; x_wconf 92' lang='lat' dir='ltr'>O.</span> <span class='ocrx_word' id='word_1_504' title='bbox 446 2749 473 2779; x_wconf 84' lang='grc'>6)</span> <span class='ocrx_word' id='word_1_505' title='bbox 494 2747 539 2773; x_wconf 71' lang='lat' dir='ltr'>Ad</span> <span class='ocrx_word' id='word_1_506' title='bbox 558 2748 698 2780; x_wconf 76' lang='lat' dir='ltr'>episcopos</span> <span class='ocrx_word' id='word_1_507' title='bbox 716 2747 820 2772; x_wconf 76' lang='lat' dir='ltr'>Galliae</span> <span class='ocrx_word' id='word_1_508' title='bbox 840 2755 861 2771; x_wconf 78' lang='lat' dir='ltr'>c.</span> <span class='ocrx_word' id='word_1_509' title='bbox 875 2746 900 2773; x_wconf 73' lang='lat'>2.</span> <span class='ocrx_word' id='word_1_510' title='bbox 930 2745 1021 2771; x_wconf 71' lang='lat' dir='ltr'>Codex</span> <span class='ocrx_word' id='word_1_511' title='bbox 1045 2753 1179 2770; x_wconf 68' lang='lat' dir='ltr'>canonum</span> <span class='ocrx_word' id='word_1_512' title='bbox 1209 2744 1310 2777; x_wconf 84' lang='lat'><em>(1609)</em></span> <span class='ocrx_word' id='word_1_513' title='bbox 1340 2744 1368 2769; x_wconf 81' lang='lat' dir='ltr'>S.</span> <span class='ocrx_word' id='word_1_514' title='bbox 1382 2744 1450 2772; x_wconf 63' lang='lat'>40&amp;</span> <span class='ocrx_word' id='word_1_515' title='bbox 1478 2743 1629 2768; x_wconf 34' lang='lat' dir='ltr'>Hinschsius</span> <span class='ocrx_word' id='word_1_516' title='bbox 1655 2742 1683 2767; x_wconf 80' lang='lat' dir='ltr'>S.</span> <span class='ocrx_word' id='word_1_517' title='bbox 1697 2741 1749 2766; x_wconf 78' lang='lat'>557</span> 
     </span>
     <span class='ocr_line' id='line_1_51' title="bbox 110 2789 1054 2823; baseline -0.004 -6"><span class='ocrx_word' id='word_1_518' title='bbox 110 2792 204 2823; x_wconf 84' lang='lat' dir='ltr'><em>(J.-K.</em></span> <span class='ocrx_word' id='word_1_519' title='bbox 218 2792 297 2823; x_wconf 67' lang='lat'><em>381).</em></span> <span class='ocrx_word' id='word_1_520' title='bbox 393 2793 420 2822; x_wconf 84' lang='grc'>7)</span> <span class='ocrx_word' id='word_1_521' title='bbox 441 2792 509 2817; x_wconf 77' lang='lat' dir='ltr'>Dem</span> <span class='ocrx_word' id='word_1_522' title='bbox 524 2792 612 2816; x_wconf 76' lang='lat' dir='ltr'>Geset:</span> <span class='ocrx_word' id='word_1_523' title='bbox 629 2791 674 2816; x_wconf 73' lang='lat' dir='ltr'>der</span> <span class='ocrx_word' id='word_1_524' title='bbox 692 2791 754 2816; x_wconf 70' lang='lat' dir='ltr'>Ehe.</span> <span class='ocrx_word' id='word_1_525' title='bbox 848 2792 875 2820; x_wconf 60' lang='lat' dir='ltr'>S)</span> <span class='ocrx_word' id='word_1_526' title='bbox 897 2790 996 2815; x_wconf 68' lang='lat' dir='ltr'>Lollmr</span> <span class='ocrx_word' id='word_1_527' title='bbox 1012 2789 1054 2814; x_wconf 84' lang='grc' dir='ltr'>ΙΙ.</span> 
     </span>
    </p>
   </div>
   <div class='ocr_carea' id='block_1_18' title="bbox 1488 2839 1537 2864">
    <p class='ocr_par' dir='ltr' id='par_1_20' title="bbox 1488 2839 1537 2864">
     <span class='ocr_line' id='line_1_52' title="bbox 1488 2839 1537 2864; baseline 0 0"><span class='ocrx_word' id='word_1_528' title='bbox 1488 2839 1537 2864; x_wconf 77' lang='lat'>10*</span> 
     </span>
    </p>
   </div>
   <div class='ocr_carea' id='block_1_19' title="bbox 1775 286 1848 316">
    <p class='ocr_par' dir='ltr' id='par_1_21' title="bbox 1775 286 1848 316">
     <span class='ocr_line' id='line_1_53' title="bbox 1775 286 1848 316; baseline 0.014 -1"><span class='ocrx_word' id='word_1_529' title='bbox 1775 286 1848 316; x_wconf 71' lang='lat'><strong>860.</strong></span> 
     </span>
    </p>
   </div>
   <div class='ocr_carea' id='block_1_20' title="bbox 1767 1677 1964 1728">
    <p class='ocr_par' dir='ltr' id='par_1_22' title="bbox 1767 1677 1964 1728">
     <span class='ocr_line' id='line_1_54' title="bbox 1767 1677 1964 1701; baseline -0.005 -4"><span class='ocrx_word' id='word_1_530' title='bbox 1767 1677 1816 1701; x_wconf 76' lang='lat' dir='ltr'>vgi.</span> <span class='ocrx_word' id='word_1_531' title='bbox 1827 1677 1883 1698; x_wconf 72' lang='lat' dir='ltr'>Gon.</span> <span class='ocrx_word' id='word_1_532' title='bbox 1894 1677 1915 1701; x_wconf 76' lang='lat'>2,</span> <span class='ocrx_word' id='word_1_533' title='bbox 1924 1677 1964 1701; x_wconf 79' lang='lat'>24;</span> 
     </span>
     <span class='ocr_line' id='line_1_55' title="bbox 1767 1703 1929 1728; baseline 0 -4"><span class='ocrx_word' id='word_1_534' title='bbox 1767 1704 1851 1724; x_wconf 76' lang='lat' dir='ltr'>Matth.</span> <span class='ocrx_word' id='word_1_535' title='bbox 1862 1703 1899 1728; x_wconf 77' lang='lat'>1⁹,</span> <span class='ocrx_word' id='word_1_536' title='bbox 1908 1703 1929 1724; x_wconf 79' lang='grc' dir='ltr'>ὕ.</span> 
     </span>
    </p>
   </div>
  </div>
 </body>
</html>
