2220 3192
55 778 82 798 10

55 1220 82 1240 1⁵

57 1547 84 1566 20

59 2348 86 2367 80

67 2790 92 2809 35

647 198 835 224 HINKMAR
854 198 933 225 VON
954 197 1074 224 REIMS
1094 197 1210 224 69—71.
1712 194 1751 225 37

104 287 291 319 nimitatem
317 291 351 319 et
378 287 613 319 ecclesiasticae
640 287 730 329 pacis
757 287 903 318 studium
930 286 1142 327 debitumque
1169 286 1345 327 religionis3
1374 297 1509 317 monens
1536 296 1666 327 quoque
1694 297 1750 327 pro

103 340 250 372 caritatis
268 340 387 378 officio,
406 344 454 378 ut,
474 340 562 372 sicut.
575 340 694 382 coepit,
713 340 827 372 melius
845 351 882 371 ac
900 339 1014 372 melius
1031 339 1195 381 proficiat;
1214 339 1291 381 quia
1308 343 1427 371 natura
1446 339 1589 370 humana
1608 342 1752 370 testante

105 393 165 424 Iob
181 394 377 435 ‘numquam
394 394 428 424 in
446 394 562 425 eodem
580 397 670 425 statu
688 393 867 435 permanet'
887 397 920 424 et
938 393 1015 434 quia
1032 393 1066 424 in
1083 393 1146 423 isto
1165 392 1272 424 seculo
1290 402 1497 434 quacumque
1514 392 1662 434 preditus
1680 392 1752 433 quis

104 450 269 488 potestate
294 451 408 478 contra
434 446 576 478 fluminis
601 446 770 478 tractum1
790 446 934 487 navigat,
955 457 1020 487 qua
1045 446 1084 477 de
1110 457 1143 477 re
1169 450 1228 477 aut
1244 445 1380 477 viriliter
1405 445 1563 486 navigans
1588 445 1752 487 superiora

104 503 195 541 petet
216 504 276 531 aut
295 500 437 531 remissis
457 499 609 531 manibus
629 499 730 531 habet
750 500 792 531 ad
812 499 877 530 ima
898 499 1008 531 relabi.
1032 498 1172 530 Studeat
1192 503 1304 530 autem
1324 499 1486 540 precipue,
1508 502 1547 529 ut
1567 498 1636 529 Deo
1658 509 1754 540 super

103 553 212 584 omnia
232 552 371 594 placeat,
392 553 508 584 deinde
528 557 566 584 ut
585 551 736 584 ecclesiae
756 563 869 594 pacem
889 552 1070 594 provideat,
1090 556 1163 583 tum
1182 556 1220 583 ut
1238 552 1440 593 principibus
1458 552 1545 583 bona
1564 562 1629 582 non
1649 550 1754 583 solum

104 610 266 647 suggerat,
287 606 343 637 sed
362 605 462 637 etiam
480 606 622 647 ingerat;
642 605 720 636 viris
739 604 961 636 ecclesiasticis
980 608 1014 636 et
1031 604 1109 636 locis
1128 605 1249 636 sanctis
1268 604 1379 636 debita
1397 604 1566 646 privilegia
1585 604 1754 646 adquirere

102 659 245 696 insistat,
265 658 386 700 populo
406 659 589 690 Christiano
608 669 723 700 pacem
742 662 776 689 et
794 658 1047 689 unanimitatem
1065 661 1227 698 procuret,
1246 657 1328 689 bene
1347 658 1520 698 agentibus
1538 659 1753 699 congaudeat,

104 711 188 744 male
205 712 378 752 agentibus
395 711 537 749 resistat,
556 722 588 743 se
605 711 712 753 ipsum
729 711 845 748 sobrie,
863 711 946 742 iuste
964 714 997 741 et
1014 710 1065 752 pie
1082 710 1223 742 vivendo
1242 710 1386 742 sollerter
1402 712 1578 748 custodiat,
1596 715 1630 742 et
1646 715 1754 743 cetera

104 765 373 798 exhortationum
400 764 496 796 valde
525 764 715 796 necessaria.
744 764 887 805 Postque
915 763 1057 804 suggerit
1085 763 1185 795 etiam
1213 764 1252 795 de
1280 764 1478 804 quibusdam
1506 764 1755 796 necessitatibus

103 823 174 851 tam
196 829 236 849 ex
258 817 465 849 monasteriis
487 828 587 858 quam
609 822 642 849 et
664 816 745 854 aliis,
767 828 825 858 pro
848 817 967 858 quibus
988 820 1022 847 et
1042 816 1250 857 imperatori2
1272 816 1398 848 litteras
1420 817 1593 854 direxerat,
1616 828 1700 858 quae
1722 818 1755 848 'm

104 871 274 914 parrochia
292 882 350 902 sua
368 870 410 902 ab
428 870 513 902 illius
531 874 625 902 erant
641 870 839 902 auctoritate
856 869 1055 910 corrigenda,
1074 873 1107 900 et
1124 869 1247 910 reliqua
1265 870 1304 900 de
1323 869 1466 901 utilitate
1485 870 1611 901 animae
1630 874 1663 901 et
1680 881 1755 902 con-

104 925 173 956 silio
197 923 337 966 spiritali
358 925 594 956 conservando.

896 1094 968 1124 70.*

186 1155 348 1187 Hinlcmar
369 1167 413 1187 an
437 1155 498 1187 den
520 1155 636 1195 G'rafen
656 1155 749 1187 Maio
771 1155 844 1186 iiber
865 1154 925 1186 den
946 1154 1018 1186 Fall
1040 1155 1124 1186 einer
1146 1154 1293 1195 etwaz'qen
1311 1153 1537 1193 B'isckosswahl
1559 1154 1593 1185 in
1611 1154 1758 1185 C'ambmi

104 1208 168 1240 und
190 1208 264 1240 iiber
285 1209 346 1240 den
366 1209 502 1241 Frieden
525 1210 570 1240 im
594 1208 714 1241 Reiche.
1519 1207 1694 1238 845—855.

195 1280 307 1306 Schrbrs
328 1280 391 1313 Ray.
405 1280 449 1306 69.

189 1377 298 1419 Reqest
316 1378 408 1409 Flod.
431 1378 517 1409 Hist.
543 1377 629 1409 Rem.
651 1377 720 1408 eccl.
742 1377 812 1413 ΙΙΙ,
835 1377 875 1409 26
899 1376 992 1417 (MG.
1015 1376 1074 1407 SS.
1098 1376 1202 1409 XIII.
1225 1376 1323 1417 541).·
1345 1375 1488 1407 Maioni3
1509 1376 1625 1407 illustri
1647 1376 1759 1408 comiti

104 1431 285 1472 gratiarum
312 1431 453 1463 referens
480 1431 626 1462 actiones
652 1441 710 1472 pro
738 1430 941 1471 benignitate
968 1434 1001 1461 et
1029 1429 1256 1467 sollicitudine,
1285 1440 1385 1471 quam
1413 1430 1533 1461 domno
1562 1429 1758 1461 Theoderico

105 1484 331 1516 Camaracensi
352 1483 496 1526 presuli4
517 1484 587 1515 viro
610 1487 723 1516 sancto
746 1487 780 1515 et
802 1483 953 1515 ecclesiae
976 1483 1076 1524 ipsius
1099 1483 1227 1514 exibere
1249 1483 1398 1520 curabat,
1422 1483 1582 1524 petitque,
1606 1487 1654 1520 ut,
1678 1483 1704 1513 si
1726 1482 1759 1513 in

106 1548 219 1569 eorum
240 1537 355 1569 diebus
378 1537 466 1569 idem
488 1537 550 1568 Dei
571 1548 683 1568 servus
705 1537 747 1568 ad
768 1547 976 1568 communem
998 1536 1177 1567 Dominum
1199 1536 1364 1573 transiret,
1388 1547 1446 1578 pro
1469 1535 1625 1567 electione
1646 1547 1759 1567 conce-

106 1591 212 1622 denda
235 1590 321 1622 clero
344 1594 377 1622 et
399 1590 487 1632 plebi
510 1589 661 1622 ecclesiae
683 1589 785 1632 ipsius
807 1590 895 1631 apud
919 1589 1112 1621 Lotharium
1135 1589 1388 1631 imperatorem5
1410 1593 1584 1630 satageret.
1609 1590 1657 1620 De
1680 1600 1760 1630 pace

106 1654 236 1685 quoque
261 1644 468 1685 procuranda
494 1643 578 1674 inter
605 1654 704 1684 reges,
731 1643 816 1674 unde
843 1643 904 1674 sibi
930 1643 1113 1684 scripserat,
1140 1643 1297 1680 rescribit,
1325 1643 1402 1684 quia
1429 1654 1554 1684 semper
1580 1654 1652 1674 eam
1678 1643 1759 1673 desi-

106 1697 269 1728 deraverit
287 1700 331 1734 et,
349 1700 387 1728 ut
404 1696 562 1728 inviolata
579 1696 664 1728 inter
680 1707 734 1727 eos
752 1700 908 1733 maneret,
927 1700 1025 1738 prout
1048 1696 1168 1737 potuit,
1187 1707 1391 1728 commonere
1415 1696 1579 1727 curaverit
1596 1700 1639 1733 et,
1658 1706 1759 1736 quan-

107 1754 179 1781 tum
201 1750 270 1781 Deo
293 1754 491 1791 cooperante
513 1749 664 1787 valuerit,
688 1749 762 1781 inde
784 1749 931 1781 laborare
953 1749 1092 1781 curabit.
1133 1755 1137 1757 “

898 1946 970 1976 71.*

189 2007 349 2039 Hinkmar
370 2018 413 2038 (m
440 2007 570 2046 Bischof
593 2008 694 2048 Droqo
716 2018 776 2039 von
799 2007 892 2038 Metz.
1521 2006 1697 2038 845—855.

196 2078 307 2104 Sclzrbrs
329 2078 391 2111 Req.
406 2078 448 2104 70.

190 2176 298 2217 Reqest
316 2176 408 2208 Flod.
431 2176 517 2207 Hist.
543 2176 629 2208 Rem.
652 2176 721 2208 eccl.
744 2176 816 2209 ΙΙΙ,
839 2176 878 2208 21
903 2175 996 2217 (MG.
1020 2175 1078 2207 SS.
1103 2175 1207 2212 XIII,
1229 2176 1307 2216 517)
1318 2186 1328 2207 :
1351 2176 1459 2207 Item⁶
1480 2176 1619 2206 referens
1643 2175 1671 2206 ei
1692 2186 1762 2215 gra-

106 2229 227 2260 tiarum
255 2230 401 2261 actiones
429 2241 488 2271 pro
518 2229 745 2267 sollicitudine,
776 2240 876 2270 quam
906 2229 1023 2260 habere
1052 2229 1227 2260 videbatur
1256 2229 1426 2260 Remensis
1455 2228 1618 2266 ecclesiae,
1648 2232 1762 2270 petens

107 2283 206 2314 etiam
230 2283 269 2314 de
293 2283 438 2324 quodam
462 2283 574 2320 fratre,
598 2283 694 2314 huius
717 2282 869 2314 ecclesiae
892 2282 1052 2319 ministro,
1077 2285 1114 2313 ut
1137 2282 1184 2313 ita
1208 2282 1276 2313 eius
1300 2282 1461 2314 frueretur
1485 2282 1658 2322 obsequiis,
1683 2292 1761 2322 qua-

107 2336 195 2366 tinus
215 2335 348 2367 ecclesia
369 2336 433 2368 ista
454 2336 642 2368 necessariis
662 2336 763 2377 ipsius
784 2340 893 2377 posset
914 2336 963 2366 uti
984 2335 1118 2373 solatiis⁷
1140 2339 1173 2366 et
1193 2335 1257 2367 alia
1278 2336 1451 2376 quaedam.

201 2610 226 2641 1)
244 2609 300 2642 Vql.
322 2610 399 2642 Brief
422 2610 469 2636 des
487 2611 663 2643 Auyustinus
685 2619 723 2635 αη,
747 2610 943 2643 Hieronymus,
967 2609 1049 2642 Corp.
1070 2609 1183 2635 Vindob.
1208 2610 1253 2640 55,
1271 2609 1338 2636 353:
1361 2618 1411 2636 cur
1434 2609 1532 2642 itaque
1555 2617 1641 2635 conor
1665 2610 1763 2634 contra

110 2652 233 2679 fluminis
251 2656 378 2681 tractum
398 2669 429 2672 —
449 2657 509 2680 ——-?
619 2655 646 2687 2)
668 2655 767 2680 Lotlzar
779 2654 804 2679 I.
826 2654 854 2679 S.
868 2653 937 2679 auch
950 2654 1062 2679 Sclzrbrs
1073 2663 1099 2679 a.
1112 2662 1137 2679 a.
1149 2654 1180 2680 Ο.
1286 2655 1313 2685 3)
1329 2654 1385 2686 1192.
1403 2654 1436 2679 R.
1453 2654 1570 2683 Parisoi,
1585 2653 1621 2678 Le
1636 2660 1763 2685 royaume

109 2696 139 2721 de
153 2696 284 2723 Lorraine
297 2706 360 2724 sous
374 2698 412 2724 les
435 2699 627 2732 Carolinyiens
646 2699 675 2724 S.
689 2699 753 2729 20&
767 2699 860 2728 Lewze,
878 2698 965 2723 Rei-zze
985 2697 1031 2723 des
1043 2698 1180 2730 questions
1193 2698 1354 2731 historiques
1367 2698 1409 2728 78,
1424 2698 1458 2723 28
1474 2697 1531 2723 wid
1547 2698 1581 2723 34
1607 2697 1680 2730 (hier
1695 2696 1761 2721 auch

110 2741 144 2766 A.
158 2752 170 2766 ι
192 2741 253 2766 iiber
275 2741 318 2768 (lie
338 2742 531 2768 Unsz'cherheit
553 2752 697 2776 qenazcerer
714 2743 890 2775 Daticruny).
999 2744 1027 2774 4)
1048 2742 1200 2768 831—862.
1309 2744 1337 2774 5)
1358 2742 1414 2775 Vql.
1432 2742 1543 2767 Sclzriirs
1562 2742 1590 2767 S.
1604 2741 1657 2767 567
1670 2741 1704 2766 A.
1718 2740 1761 2765 35.

115 2786 141 2816 6)
160 2785 215 2818 Vql.
237 2785 301 2811 oben
318 2786 368 2812 Nr.
382 2787 398 2812 3
421 2787 451 2812 S.
465 2787 481 2812 ‘2
502 2787 559 2812 und
579 2787 613 2813 A.
626 2788 652 2813 5.

1778 289 1840 318 845
1848 288 1953 318 —855.

1769 402 1811 422 Iob
1826 402 1861 426 14,
1871 402 1892 422 2.

1770 723 1821 748 vgi.
1830 723 1869 744 Tit
1888 723 1909 746 2,
1919 724 1954 743 12.
