2220 3192
358 283 432 314 863.

264 324 347 346 Mutth.
360 325 394 349 16,
406 325 440 344 19.

255 408 303 429 lon.
315 408 350 432 20.
361 409 397 428 22.
406 409 441 428 23.

252 2235 301 2258 Vgl.
312 2235 346 2255 Ps.
358 2235 394 2258 44,
406 2235 440 2254 17.

467 203 525 231 132
1032 198 1217 225 HINKMAR
1238 198 1315 224 VON
1337 197 1456 223 REIMS
1478 198 1536 223 160.

457 292 662 333 singulariter
677 291 804 321 dictum
822 289 918 319 fuisse
933 287 1029 318 beato
1046 287 1158 318 Petro:
1185 285 1442 334 ‘Quodcumque
1457 285 1606 326 ligaveris
1623 296 1720 328 super
1734 289 1868 324 terram,
1885 287 1946 318 erit
1961 286 2101 328 ligatum

457 350 489 377 et
509 346 543 376 in
562 344 667 380 caelis,
688 346 721 373 et
739 342 969 382 quodcumque
990 339 1122 370 solveris
1142 349 1239 380 super
1258 342 1393 375 terram,
1413 339 1476 369 erit
1495 338 1643 370 solutum
1662 342 1696 369 et
1716 339 1750 370 in
1769 339 1890 370 caelis’.
1922 340 2006 371 Cum
2026 344 2102 382 post

458 397 724 430 resurrectionem
748 405 843 425 suam
866 393 1012 434 legamus
1037 391 1221 423 insufflasse
1245 402 1322 423 eum
1346 394 1379 422 et
1403 392 1522 423 dixisse
1546 391 1720 433 apostolis:
1744 392 1921 434 ‘Accipitea
1945 393 2103 435 spiritum

456 454 618 482 sanctum.
648 450 797 486 Quorum
820 445 1007 477 remiseritis
1030 448 1173 486 peccata,
1197 445 1416 476 remittuntur
1438 445 1494 482 eis,
1517 448 1550 476 et
1571 455 1714 486 quorum
1736 445 1950 484 retinueritis,
1974 450 2101 478 retenta

455 502 556 535 sunt'.
588 500 703 532 Omni1
722 500 821 540 igitur
839 498 1017 529 electorum
1036 497 1186 529 ecclesiae
1204 497 1300 529 iuxta
1320 498 1457 529 modum
1473 497 1649 539 culparum
1665 498 1718 529 vel
1736 499 1960 540 paenitentiae
1980 499 2103 541 ligandi
2132 509 2144 530 5

455 567 491 587 ac
507 554 650 586 solvendi
666 554 764 584 datur
778 552 967 583 auctoritas.
982 550 1044 582 Sed
1059 551 1129 582 ideo
1145 551 1262 582 beatus
1273 551 1402 588 Petrus,
1417 551 1475 592 qui
1488 551 1656 583 Christum
1668 562 1744 583 vera
1759 551 1821 583 fide
1836 552 2014 590 confessus,
2025 564 2100 585 vero

454 612 502 640 est
519 618 628 639 amore
647 609 790 642 secutus,
809 604 991 646 specialiter
1008 603 1115 635 claves
1133 604 1223 645 regni
1239 603 1405 636 caelorum
1422 608 1455 635 et
1474 605 1701 646 principatum
1718 605 1905 636 iudiciariae
1927 607 2103 647 potestatis

455 660 591 702 accepit,
613 663 650 690 ut
668 669 782 690 omnes
802 669 858 699 per
876 657 989 689 orbem
1007 658 1174 689 credentes
1193 657 1398 699 intellegant,
1418 658 1506 698 quia,
1526 658 1727 699 quicumque
1746 658 1787 690 ab
1808 659 1937 690 unitate
1956 659 2032 691 fidei
2050 659 2104 691 vel

454 713 617 745 societatis
632 711 719 743 illius
733 711 880 752 quolibet
897 711 992 743 modo
1009 715 1112 742 semet
1126 711 1214 752 ipsos
1229 715 1408 752 segregant,
1424 710 1506 742 tales
1523 722 1580 742 nec
1594 711 1736 743 vinculis
1752 716 1961 753 peccatorum
1975 712 2103 744 absolvi

455 778 511 798 nec
529 767 664 798 ianuam
682 765 808 807 possint
826 765 915 806 regni
932 763 1079 796 caelestis
1096 765 1230 806 ingredi.
2129 777 2156 798 10
2206 790 2207 793 ,

543 830 590 859 24.
616 827 669 858 Ita
685 831 728 864 et,
744 838 823 858 oum
838 827 920 858 sacri
934 837 1076 858 canones
1089 826 1227 858 Nicheni
1241 825 1381 864 concilii,
1397 829 1498 867 quosb
1513 825 1691 867 apostolica
1707 826 1797 858 sedes
1811 831 1988 858 veneratur
2002 831 2103 869 atque

452 882 596 913 custodit
612 884 645 911 et
660 880 816 912 custodiri
832 879 873 911 ab
889 879 1044 911 omnibus
1060 890 1118 911 suo
1137 879 1303 922 privilegio
1321 879 1509 921 praecipitb‚
1526 879 1652 910 dicant:
1673 879 1723 909 Si²
1740 884 1803 917 quis
1819 886 1886 917 post
1901 884 2103 911 diffinitionem

453 938 545 965 sancti
562 940 592 963 et
610 937 705 971 magni
723 937 833 963 concilii
852 936 907 963 tale
926 936 1035 970 aliquid
1052 945 1133 971 agere
1152 937 1349 971 temptaverit,
1368 932 1470 970 quasi³
1488 939 1587 963 contra
1606 944 1741 970 magnum
1759 937 1910 963 concilium
1927 946 1956 963 se
1973 938 2103 970 efferens,

452 993 511 1026 ipse
525 991 559 1017 de
575 991 722 1018 clericatus
736 990 841 1017 honore
855 989 1063 1023 periclitabitur
1077 990 1122 1016 vel
1136 986 1295 1016 deiciatur¹¹
1309 999 1326 1016 a
1340 990 1413 1016 clero
1426 992 1456 1015 et
1469 989 1578 1016 alienus
1590 991 1698 1016 existat
1711 999 1728 1016 a
1741 990 1838 1023 regula
1850 993 1881 1016 et
1894 987 1932 1017 a5
1946 992 2104 1018 ministerio

453 1053 560 1072 cessare
577 1044 707 1074 debebit3
724 1044 757 1070 et
775 1040 918 1081 synodus
935 1039 1202 1071 Calcedonensis⁶
1217 1052 1274 1074 eos,
1291 1044 1339 1076 qui
1354 1044 1415 1070 ausi
1432 1043 1540 1069 fuerint
1556 1046 1622 1076 post
1639 1042 1841 1069 diffinitionem
1859 1052 1977 1077 magnae
1994 1048 2025 1070 et
2042 1046 2103 1071 um*—
2129 1053 2156 1072 15

453 1098 569 1124 versalis
590 1098 674 1123 huius
694 1096 796 1130 synodi
818 1097 972 1130 quicquam
991 1105 1027 1122 ex
1047 1097 1100 1128 his,
1122 1105 1197 1130 quaev
1214 1099 1283 1122 sunt
1303 1097 1457 1130 prohibita,
1478 1099 1651 1130 perpetrare,
1671 1096 1799 1122 decrevit
1818 1100 1918 1123 sancta
1938 1097 2064 1131 synodus
2085 1108 2102 1125 a

454 1152 567 1185 proprio
584 1150 745 1177 huiusmodi
761 1150 850 1184 gradu
867 1150 1010 1181 recedere;
1026 1151 1059 1177 et
1076 1146 1245 1178 Siricius⁷:
1263 1150 1346 1176 Nunc
1363 1149 1522 1183 praefatam
1538 1150 1665 1183 regulam
1681 1158 1779 1175 omnes
1796 1153 1915 1177 teneant
1930 1151 2103 1182 sacerdotes,

454 1206 502 1238 qui
522 1204 624 1230 nolunt
643 1204 680 1230 ab
699 1203 871 1237 apostolicae
892 1206 1000 1237 petrae,
1019 1212 1114 1237 supra
1134 1212 1220 1237 quam
1241 1202 1369 1230 Christus
1389 1203 1579 1229 universalem
1599 1204 1760 1230 construxit
1778 1203 1936 1234 ecclesiam,
1956 1204 2102 1231 soliditate

453 1257 562 1288 divelli;
582 1258 615 1284 et
637 1253 819 1285 Zosimusss:
848 1256 954 1287 Quodsi
975 1257 1038 1290 quis
1057 1256 1211 1284 interdicta
1231 1257 1402 1290 despexerit,
1421 1256 1525 1290 gradus
1545 1257 1589 1282 sui
1609 1256 1733 1290 periculo
1753 1257 1926 1288 subiacebit3
1946 1257 1980 1285 et
1999 1254 2100 1285 Leo⁹z

455 1310 484 1337 Si
498 1312 560 1344 quis
574 1314 674 1337 contra
687 1311 846 1336 constituta
859 1311 954 1337 venire
968 1311 1157 1343 temptaverit
1168 1313 1199 1336 et
1211 1309 1357 1343 prohibita
1369 1309 1456 1336 fuerit
1469 1318 1555 1336 ausus
1568 1309 1732 1341 admittere,
1746 1319 1763 1336 a
1776 1318 1827 1336 suo
1841 1318 1870 1335 se
1883 1311 1997 1337 noverit
2009 1311 2103 1338 officio
2129 1318 2156 1338 20

453 1364 681 1390 submovendum
698 1372 749 1389 1100
766 1364 972 1389 communionis
989 1366 1103 1390 nostrae
1119 1363 1251 1390 futurum
1266 1372 1326 1389 0550
1344 1367 1504 1390 consortem
1522 1363 1610 1397 [qui]c
1629 1363 1721 1389 socius
1737 1371 1798 1389 esse
1815 1363 1908 1390 noluit
1923 1363 2103 1397 disciplinae3

453 1418 486 1445 et
501 1414 599 1445 ceteri
616 1414 818 1444 diversorum
840 1413 1055 1444 conciliorum
1070 1424 1211 1444 canones
1227 1416 1260 1444 et
1275 1413 1445 1444 Romanae
1463 1413 1546 1444 sedis
1564 1412 1735 1454 pontifices
1752 1413 1788 1444 in
1802 1413 1890 1444 hunc
1910 1413 2046 1445 modum
2062 1415 2102 1446 de

456 1466 568 1498 multis
588 1471 621 1498 et
635 1467 769 1498 diversis
783 1467 889 1497 causis
908 1467 1100 1498 decernant:
1122 1466 1223 1502 110510,
1244 1467 1301 1507 qui
1321 1477 1435 1498 eorum
1456 1467 1542 1498 iussa
1563 1466 1767 1507 exequimur,
1790 1466 1872 1498 nihil
1890 1465 1981 1498 aliud
1999 1477 2103 1508 quam

454 1521 538 1552 iuste
549 1520 769 1551 iudicantium
781 1520 924 1550 fautores
936 1524 968 1551 et
979 1520 1144 1551 iustorum
1154 1519 1352 1551 iudiciorum
1362 1524 1567 1551 exsecutores
1578 1519 1820 1551 oboedientiam
1831 1523 1945 1551 sancto
1958 1521 2102 1562 spiritui,

453 1585 509 1615 qiu
525 1585 580 1615 per
593 1584 646 1604 eos
659 1573 789 1604 locutus
802 1577 862 1609 est,
874 1577 907 1604 et
921 1573 987 1604 sedi
1000 1573 1198 1614 apostolicae
1208 1573 1428 1614 dependentes
1441 1573 1626 1610 existimus,
1637 1573 1695 1614 qui
1709 1572 1769 1604 sub
1784 1584 1849 1603 uno
1863 1573 1971 1615 capite
1985 1574 2101 1603 multill
2128 1583 2157 1603 2⁵
2200 1608 2201 1611 Ἰ

454 1640 543 1657 unum
560 1639 659 1664 corpus
676 1639 773 1656 sumus
789 1631 818 1655 in
835 1630 957 1660 Christo,
973 1630 1076 1663 singuli
1092 1633 1190 1656 autem
1206 1630 1277 1656 alter
1293 1630 1410 1656 alterius
1428 1629 1563 1656 membra.
1591 1630 1715 1656 Conexio
1730 1630 1845 1657 autem
1861 1631 1951 1656 totius
1969 1632 2103 1664 corporis,

456 1685 493 1712 ut
513 1681 576 1711 Leo
596 1684 629 1710 et
649 1679 867 1721 Symmachus
886 1680 1045 1718 scribunt,
1066 1692 1153 1710 unam
1173 1684 1338 1713 sanitatem,
1360 1692 1447 1710 unam
1467 1683 1710 1717 pulchritudinem
1729 1683 1809 1710 facit.
1841 1683 1880 1709 Et
1898 1683 1968 1710 haec
1988 1684 2104 1718 quidem

455 1737 572 1764 conexio
589 1738 678 1762 totius
696 1738 818 1770 corporis
834 1737 1057 1763 unanimitatem
1073 1737 1202 1770 requirit,
1218 1737 1268 1762 sed
1284 1737 1434 1770 praecipue
1451 1737 1540 1770 exigit
1557 1737 1737 1763 concordiam
1753 1736 1944 1767 sacerdotum,
1960 1743 2102 1774 quorum

454 1787 524 1817 ad1²
541 1791 632 1816 instar
649 1791 779 1818 sanctae
799 1791 948 1821 trinitatis,
963 1791 1041 1816 cuius
1060 1799 1117 1816 una
1135 1793 1179 1816 est
1193 1793 1279 1823 atque
1297 1789 1464 1816 individuad
1482 1793 1621 1823 potestas,
1639 1798 1729 1816 unum
1746 1793 1799 1815 est
1817 1798 1867 1823 per
1884 1790 2011 1816 diversos
2029 1791 2103 1817 anti-

453 1845 535 1870 stites
548 1843 747 1870 sacerdotium.
765 1839 907 1874 Quibuslss
919 1844 975 1869 etsi
988 1843 1057 1870 ordo
1069 1846 1114 1869 est
1127 1844 1273 1877 generalis,
1287 1852 1344 1869 non
1357 1846 1455 1869 tamen
1469 1844 1626 1869 communis
1639 1846 1684 1868 est
1697 1843 1822 1876 dignitas
1835 1840 1999 1878 omnibus,
2015 1841 2100 1871 Sicut
2129 1850 2156 1869 3⁰

454 1897 487 1924 et
505 1894 544 1924 de
563 1897 742 1923 beatissimis
761 1897 905 1930 apostolis
920 1894 1083 1931 novimus,
1103 1904 1246 1934 quorum
1259 1905 1310 1930 par
1323 1897 1337 1922 f
1340 1897 1391 1922 uit
1402 1897 1514 1926 electio,
1527 1894 1582 1924 sed
1594 1897 1670 1922 inter
1681 1904 1734 1924 eos
1747 1897 1777 1922 in
1789 1897 1976 1923 similitudine
1990 1897 2103 1923 honoris

455 1950 511 1976 fuit
531 1950 671 1983 quaedam
690 1950 823 1977 discretio
843 1951 997 1984 potestatis
1016 1950 1049 1978 et
1068 1946 1163 1978 beato
1184 1946 1280 1978 Petro
1300 1950 1402 1976 datum
1421 1954 1475 1980 est,
1494 1953 1528 1975 ut
1548 1950 1648 1976 ceteris
1667 1950 1865 1983 praemineret.

545 2010 595 2039 25.
627 2009 699 2046 Qua
720 2009 760 2039 de
781 2020 813 2039 re
834 2008 926 2040 velut
946 2012 1172 2050 cooperatores
1192 2007 1390 2050 apostolicae
1411 2008 1495 2039 sedis
1515 2008 1550 2039 in
1570 2018 1646 2049 agro
1667 2007 1720 2039 vel
1739 2009 1834 2040 vinea
1856 2008 2021 2040 dominica
2043 2008 2102 2040 sub

456 2062 560 2103 ipsius
574 2062 765 2093 constitutis
781 2061 925 2094 laborare
941 2063 1132 2103 satagimus,
1148 2062 1207 2103 qui
1222 2062 1404 2093 secundum
1418 2061 1522 2103 ipsius
1537 2061 1722 2093 doctrinam
1736 2061 1834 2093 verbo
1852 2062 2103 2103 praedicationis

456 2115 651 2152 insistimus,
671 2116 852 2146 secundum
871 2116 940 2146 eius
958 2116 1172 2147 traditionem
1193 2115 1306 2147 munia
1325 2115 1436 2146 divina
1456 2115 1660 2155 exequimur,
1682 2115 1864 2146 secundum
1882 2115 1951 2146 eius
1970 2115 2098 2146 decreta
2127 2123 2156 2144 ³5
2201 2150 2206 2158 .

457 2168 491 2198 in
503 2168 676 2199 iudicando
689 2179 772 2209 quae
785 2169 826 2199 ab
840 2169 910 2210 ipsa
925 2173 1003 2200 sunt
1017 2169 1161 2201 iudicata
1174 2169 1349 2200 exerimus.
1380 2168 1444 2206 Qui
1457 2168 1492 2199 in
1503 2167 1600 2198 beato
1614 2167 1711 2199 Petro
1725 2171 1758 2199 et
1771 2168 1806 2198 in
1818 2168 1933 2199 ceteris
1945 2168 2103 2210 apostolis

457 2232 514 2262 pro
535 2221 682 2262 patribus
702 2222 772 2252 nati
792 2221 861 2259 filii,
877 2222 909 2253 id
928 2226 987 2259 est,
1006 2226 1042 2253 ut
1061 2220 1250 2254 diximus14.
1267 2233 1325 2263 pro
1344 2221 1464 2253 eisdem
1482 2220 1639 2262 apostolis
1658 2221 1801 2252 ordinati
1819 2221 1964 2263 episcopi
1983 2222 2102 2263 princi-

539 2330 562 2356 a)
577 2327 660 2350 Dar-or
673 2328 714 2350 ein
729 2327 791 2351 Wort
804 2329 857 2352 rad.
873 2329 904 2352 Β.
991 2328 1015 2358 ὓ)
1037 2330 1246 2363 quos—precipit
1263 2329 1305 2359 (Ζ.
1318 2330 1364 2358 12)
1378 2328 1423 2352 mit
1436 2327 1700 2358 Verreeiszmqszeichmr
1716 2327 1774 2351 iiber
1791 2328 1832 2351 der
1847 2327 1914 2351 Zeila
1930 2327 2051 2358 ozachqetr.
2071 2328 2101 2352 B.

456 2374 479 2399 c)
500 2371 538 2394 ΒΖ,
555 2372 587 2395 29
604 2371 703 2401 beyinnt
719 2372 764 2395 wit
779 2373 857 2395 einen!
876 2373 917 2402 fiir
933 2376 993 2396 elwa
1010 2374 1025 2396 2
1044 2372 1144 2397 Buchst.
1163 2373 1246 2396 Ramn
1262 2373 1388 2397 bietendcn
1404 2372 1469 2396 Loch
1488 2372 1518 2396 Β.
1603 2370 1628 2402 ⁶)
1648 2371 1709 2395 idua
1726 2372 1772 2402 aul
1792 2372 1852 2395 Rae.
1874 2372 1904 2396 Β.

550 2442 573 2471 l)
593 2441 648 2472 Vql.
672 2441 761 2466 Neues
782 2442 883 2467 Archiv
901 2442 943 2472 44,
960 2442 995 2467 58
1016 2443 1050 2468 A.
1065 2443 1088 2468 1.
1183 2443 1210 2474 2)
1232 2442 1320 2471 015,
1343 2442 1433 2468 Codex
1453 2450 1588 2468 canonum
1607 2441 1708 2474 (1609)
1727 2441 1755 2467 S.
1769 2441 1799 2469 8.·
1821 2441 1974 2467 Hinschz'us
1990 2442 2019 2467 S.
2034 2442 2096 2467 259.
2126 2450 2154 2470 40
2204 2474 2206 2478 ‚

457 2485 484 2516 3)
509 2484 540 2510 C.
554 2485 579 2515 2,
603 2485 693 2510 Codex
709 2494 843 2511 canonum
862 2486 963 2519 (1609)
981 2486 1010 2511 S.
1024 2487 1053 2516 2,·
1079 2486 1233 2512 Hinschius
1253 2487 1283 2512 S.
1297 2487 1357 2512 253.
1484 2487 1511 2517 4)
1537 2485 1627 2511 Codex
1648 2494 1783 2511 canonum
1807 2485 1909 2519 (1609)
1931 2485 1960 2511 S.
1973 2486 1990 2511 9
2012 2495 2033 2511 c.
2050 2486 2096 2513 17.-

456 2528 610 2554 Hin-schiws
632 2529 661 2554 S.
675 2529 728 2554 260
749 2537 770 2555 c.
786 2530 828 2555 113.
940 2532 967 2560 5)
989 2530 1019 2555 C.
1034 2531 1076 2559 18,
1099 2530 1189 2556 Codex
1209 2539 1344 2556 canonum
1367 2530 1467 2563 (1609)
1490 2530 1518 2555 S.
1534 2530 1580 2559 10,·
1602 2530 1698 2562 Miqne
1718 2530 1761 2557 67.
1784 2529 1844 2555 152.
1961 2531 1988 2562 6)
2009 2529 2040 2555 C.
2054 2530 2098 2557 10.

457 2573 548 2598 Codex.¹
563 2582 695 2598 canonum
711 2574 812 2606 (1609)
825 2574 853 2599 S.
864 2574 928 2603 12&
944 2574 1098 2600 Hinschius
1111 2575 1211 2600 8236.
1324 2576 1351 2606 7)
1366 2575 1397 2600 C.
1411 2574 1436 2602 2,
1455 2574 1545 2600 Codex
1558 2582 1691 2599 canonum
1707 2574 1808 2606 (1609)
1825 2574 1854 2599 S.
1863 2574 1929 2601 315:
1946 2574 2098 2599 Hinschizts

457 2617 485 2642 S.
499 2617 550 2642 5⁴31
569 2617 664 2649 (J.-K.
677 2618 755 2649 255).
868 2620 894 2649 3)
912 2618 943 2643 C.
957 2618 973 2643 2
988 2619 1137 2651 (Rubrik),
1152 2619 1242 2644 (foder
1254 2627 1390 2645 canonum
1405 2618 1506 2651 (1609)
1519 2618 1547 2643 S.
1557 2618 1619 2646 390:
1637 2618 1790 2644 Hinschi'us
1800 2618 1828 2643 S.
1843 2619 1895 2644 553
1909 2618 2004 2651 (J.-K.
2017 2618 2096 2650 339).

458 2662 485 2692 9)
502 2660 532 2686 C'.
548 2662 573 2691 5,
600 2661 690 2686 Codex
712 2670 845 2687 crmommz
870 2662 971 2695 (1609)
995 2662 1022 2688 S.
1038 2663 1103 2691 437:
1125 2663 1278 2688 Hinschz'us
1298 2663 1326 2688 S.
1341 2663 1393 2688 615
1416 2662 1512 2695 (J.-K.
1535 2662 1613 2694 402).
1747 2664 1790 2694 10)
1810 2663 1864 2695 Vol.
1883 2663 1974 2688 Neues
1994 2662 2096 2688 Archi-1*
2126 2671 2153 2690 45

458 2705 500 2736 44,
515 2706 557 2730 57.
673 2707 715 2737 11)
735 2706 787 2731 Leo
800 2706 824 2731 I.
844 2714 878 2731 an
893 2707 1061 2732 Anastasius
1079 2715 1129 2732 *von
1145 2707 1346 2737 Thessalonich,
1361 2707 1451 2732 Codex
1463 2715 1597 2732 canonum
1614 2706 1715 2738 (1609)
1730 2707 1758 2731 S.
1774 2707 1824 2732 471
1842 2715 1863 2733 c.
1877 2707 1925 2736 41‚·
1944 2706 2097 2732 Hinc-schino*

457 2750 485 2774 S.
500 2750 552 2774 620
570 2758 590 2775 c.
604 2751 638 2774 10
659 2750 754 2782 (J.-K.
769 2750 847 2781 411).
950 2751 992 2781 12)
1012 2751 1193 2783 Symmachus
1211 2761 1247 2777 an
1266 2751 1389 2777 Amnius
1407 2759 1455 2776 von
1476 2750 1563 2778 Arles,
1584 2750 1647 2776 ΜΟ.
1668 2751 1756 2783 Epist.
1777 2751 1838 2779 ΙΙΙ,
1852 2751 1886 2777 35
1907 2751 2003 2784 (J.-K.
2020 2751 2096 2781 754).

460 2794 502 2825 13)
524 2794 576 2819 Leo
588 2794 624 2823 I.‚
642 2794 690 2826 2³91.
710 2794 772 2819 oben
794 2795 827 2819 A.
842 2794 883 2819 11.
999 2796 1041 2825 14)
1059 2795 1128 2820 Ohrn
1149 2796 1177 2820 S.
1191 2796 1242 2821 131
1258 2796 1289 2821 Z.
1303 2796 1345 2821 29.
