2220 3192
362 300 433 329 ³59.

249 515 297 537 val.
306 515 374 534 Marc.
382 516 402 538 7,
409 516 443 533 21.

339 620 412 642 11224,
425 619 444 638 2.

248 778 296 803 Vgl.
312 779 346 798 l's.
360 779 394 801 118,
408 778 441 797 15,

300 870 440 916 ν361.ἒ.ἑ)οῐ.

294 1083 346 1103 Luc.
358 1083 392 1106 22,
404 1082 439 1101 21.

278 1109 345 1129 Maro.
358 1109 393 1133 14,
404 1110 440 1128 21.

300 1254 348 1275 Ioh.
362 1255 397 1279 15,
407 1255 441 1274 27.

307 1362 360 1381 Luc.
373 1362 410 1385 22,
421 1362 441 1380 3.

249 1413 296 1438 vgi.
313 1414 441 1438 1011.13‚·2

300 1467 346 1487 Ioh.
360 1467 394 1492 13,
406 1468 440 1487 27.

294 2103 346 2122 Luc.
362 2104 397 2125 22,
408 2104 443 2122 ⁴.ss⁴

300 2195 347 2219 Vgl.
362 2198 381 2215 1.
393 2195 442 2215 Con

309 2224 342 2244 11,
355 2222 389 2241 27.
400 2223 434 2241 29.

270 2422 288 2439 l.
300 2422 349 2440 Cur.
363 2422 398 2444 11,
409 2422 443 2439 30.

467 211 507 241 66
1033 208 1219 234 HINKMAR
1238 207 1317 233 VON
1338 206 1458 232 REIMS
1481 207 1540 232 127.

527 302 735 327 HINCMARUS
754 299 931 324 REMORUM
952 297 1143 322 EPISCOPUS
1161 295 1364 321 FRATRIBUS
1383 295 1534 320 NOSTRIS
1550 295 1795 323 PRESBITERIS,
1811 296 2038 323 DIACONIBUS‚

461 345 745 371 SUBDIAGONIBUS
755 344 799 368 ΕΤ
808 342 956 368 CETERIS
966 341 1127 366 CLERICIS
1137 340 1175 364 IN
1185 336 1336 364 PALATIO
1346 339 1472 364 DOMNO
1481 338 1622 364 NOSTRO
1632 339 1721 364 REGI
1730 338 1775 364 ET
1784 340 1933 364 DOMNAE
1943 340 2106 365 REGINAE

640 389 681 413 AC
699 387 859 412 ILLORUM
877 385 1069 410 FIDELIBUS
1088 383 1357 409 ECCLESIASTICO
1376 382 1589 408 MINISTERIO
1607 383 1900 409 CONSULENTIBUS
1907 384 1927 408 1.

542 451 646 482 Audio
674 450 714 480 de
742 446 926 479 hominibus
954 446 1080 483 vestris,
1110 446 1186 486 quia
1213 445 1318 477 multa
1347 444 1443 482 mala,
1472 445 1602 486 rapinas
1630 445 1751 476 scilicet
1778 449 1812 476 et
1839 446 2106 487 depraedationes

460 507 493 534 et
510 502 737 533 fornicationes
754 504 787 531 ct
804 499 975 536 adulteria,
993 499 1027 529 in
1045 498 1214 540 parrochia
1232 509 1305 530 mea
1323 498 1458 529 iaciunt.
1478 498 1523 529 Et
1540 498 1641 530 etiam
1657 499 1698 530 de
1715 498 1808 529 vobis
1825 499 1934 537 audio,
1953 499 2028 540 quia
2045 498 2107 531 illis
2133 508 2145 527 5

460 555 578 596 rapinis
594 553 793 589 consentitis,
812 556 849 583 ut
864 551 1016 583 videlicet
1032 552 1088 592 qui
1104 552 1143 583 de
1159 551 1221 582 illis
1237 551 1349 582 vivitis
1364 554 1398 582 et
1413 555 1539 582 vestros
1555 551 1702 583 homines
1717 554 1817 593 atque
1833 551 1975 583 caballos
1991 552 2107 584 em'nde

460 607 600 650 pascitis.
624 607 718 638 Unde
735 606 918 637 timendum
935 608 994 642 est,
1013 615 1053 636 ne
1070 608 1104 636 et
1121 605 1160 636 de
1178 603 1271 635 vobis
1288 604 1377 635 dicat
1394 604 1554 636 Dominus
1571 615 1627 646 per
1644 605 1854 646 prophetam:
1870 605 1929 636 ‘Et
1946 605 2007 636 erit
2023 605 2107 637 sicut

458 660 595 703 populus
616 659 660 690 sic
682 658 851 690 sacerdos?
878 657 939 689 Sed
961 657 1059 689 michi
1081 669 1146 689 non
1167 661 1217 689 est
1238 668 1366 689 necesse
1386 657 1529 689 multum
1549 656 1699 689 laborare
1719 658 1926 689 admonendo
1946 658 1981 689 in
2001 658 2106 696 vobis,

458 714 513 754 qui
529 716 562 744 et
577 712 754 744 ministerio
771 714 804 742 et
820 711 967 742 doctrina
983 710 1066 742 tales
1081 711 1168 748 estis,
1185 715 1224 742 ut
1239 722 1303 742 non
1320 710 1425 742 solum
1440 721 1499 741 vos
1514 710 1676 742 abstinere
1692 722 1711 742 a
1726 711 1824 748 malo,
1841 711 1897 742 sed
1912 711 2012 743 etiam
2027 711 2107 743 alios

457 778 475 798 a
497 765 582 798 malo
604 765 765 796 divertere
788 768 821 795 et
843 763 966 796 bonum
988 764 1093 795 facere
1116 764 1232 795 debere
1254 764 1429 796 admonere
1450 763 1560 795 sciatis
1582 767 1616 795 et
1637 763 1794 796 debeatis.

538 818 660 850 Tamen
684 828 742 859 pro
767 817 945 849 ministerio
970 817 1123 858 imposito
1147 828 1319 849 ammoneo
1344 828 1402 848 vos
1426 828 1502 848 cum
1526 817 1628 848 Paulo
1652 817 1800 859 apostolo
1832 821 1866 848 et
1897 817 2043 849 obtestor
2073 818 2107 848 in

457 871 583 903 Christo
607 875 640 902 et
662 881 718 912 per
741 870 915 907 Christum,
940 870 996 910 qui
1019 881 1075 912 per
1098 870 1238 902 Paulum
1259 870 1388 902 locutus
1411 874 1470 908 est,
1502 873 1539 901 ut
1568 870 1749 902 exhibeatis
1772 881 1831 901 vos
1854 870 1939 902 sicut
1961 871 2022 902 Dei
2044 871 2106 903 mi-

456 924 583 961 nistros,
607 935 646 955 ne
669 924 872 965 vituperetur
894 923 1111 955 ministerium
1132 927 1290 955 nostrum.
1322 924 1366 955 Et
1388 924 1444 965 qui
1472 923 1592 955 ieiunia
1614 923 1779 965 paschalia
1800 924 2006 960 inchoastis?
2030 928 2107 955 ante

455 977 564 1009 oculos
583 977 711 1014 habete,
733 977 811 1017 quid
830 976 863 1008 in
883 976 1014 1018 pascha,
1035 976 1069 1007 id
1089 980 1138 1008 est
1157 976 1191 1008 in
1210 976 1354 1008 transitu
1373 987 1431 1008 suo
1451 988 1492 1008 ex
1511 977 1572 1008 hoc
1591 977 1714 1008 mundo
1734 977 1777 1008 ad
1796 980 1935 1019 patrem,
1956 977 2107 1009 dominus

455 1031 545 1062 Iesus
571 1030 731 1061 tradendo
758 1040 875 1071 corpus
902 1033 936 1060 et
962 1030 1154 1071 sanguinem
1181 1041 1277 1062 suum
1304 1029 1469 1071 discipulis
1496 1029 1563 1061 suis
1590 1030 1630 1061 de
1656 1029 1794 1072 reprobo
1822 1030 1979 1072 discipulo
2007 1030 2106 1062 dixit:

454 1084 550 1116 ‘Ecce
571 1094 686 1116 manus
705 1083 866 1114 tradentis
885 1093 937 1114 me
957 1093 1086 1114 mecum
1105 1086 1155 1114 est
1174 1083 1210 1116 in
1227 1083 1365 1116 mensa':
1384 1083 1458 1115 ‘vae
1477 1088 1590 1115 autem
1610 1083 1734 1115 homini
1751 1083 1808 1122 illi,
1829 1094 1885 1125 per
1905 1094 2003 1125 quem
2021 1083 2107 1115 filius

456 1137 595 1169 hominis
617 1137 788 1168 tradetur?
813 1138 884 1168 Hoc
907 1137 1028 1178 pascha
1051 1136 1169 1168 cotidie
1192 1137 1374 1168 sacerdotes
1396 1136 1606 1174 immolando,
1631 1136 1759 1168 diaconi
1781 1137 2008 1175 mjm'strando,
2032 1136 2106 1168 sub—

455 1190 582 1222 diaconi
607 1190 815 1231 obsequendo
840 1193 873 1221 et
897 1190 996 1221 ceteri
1021 1189 1127 1221 clerici
1152 1201 1249 1222 amen
1273 1190 1499 1232 respondendo
1524 1189 1696 1222 celebratis
1720 1189 1816 1231 pleno
1842 1201 1896 1221 ore
1921 1190 1961 1221 de
1979 1190 2105 1232 rapina,

458 1243 553 1285 pleno
569 1244 664 1274 corde
682 1244 722 1274 de
738 1243 923 1284 iniquitate.
934 1243 985 1274 An
1003 1243 1098 1274 obliti
1115 1243 1202 1281 estis,
1221 1243 1310 1284 quod
1327 1243 1486 1285 scriptum
1503 1247 1553 1274 est
1569 1244 1602 1274 in
1620 1242 1804 1284 evangelio:
1819 1243 1912 1274 ‘Post
1928 1243 2107 1275 buccellam

456 1296 606 1328 introivit
624 1297 657 1327 in
678 1296 795 1328 Iudam
815 1296 982 1328 satanas'?
1005 1296 1045 1327 Id
1065 1299 1114 1327 est
1133 1295 1167 1327 in
1187 1307 1285 1338 quem
1303 1296 1474 1328 introierat
1493 1297 1593 1338 prius,
1614 1299 1652 1327 ut
1672 1296 1850 1328 Dominum
1868 1297 2014 1328 traderet
2033 1307 2106 1328 sua-

458 1350 574 1387 dendo,
597 1353 676 1381 tunc
700 1349 733 1380 in
756 1360 831 1381 eum
854 1349 981 1380 introiit
1003 1349 1186 1391 plenissime
1209 1349 1416 1391 possidendo,
1441 1350 1525 1381 sicut
1548 1350 1706 1391 scriptum
1729 1353 1792 1381 est:
1814 1349 1974 1381 ‘Intravit
1995 1353 2107 1382 autem

458 1406 588 1434 satanas
604 1403 637 1433 in
655 1403 782 1440 Iudam,
795 1403 851 1444 qui
868 1403 986 1434 dicitur
999 1402 1175 1440 Scarioth’;
1192 1406 1226 1434 et
1240 1403 1336 1434 item:
1351 1403 1437 1434 ‘Iam
1453 1403 1539 1434 enim
1555 1403 1690 1434 miserat
1706 1402 1854 1434 diabolus
1869 1403 1904 1434 in
1919 1414 1974 1434 cor
1991 1403 2105 1441 Iudae,

457 1459 494 1486 ut
514 1456 658 1486 traderet
674 1456 878 1494 Dominum';
900 1467 938 1487 ac
958 1456 1074 1488 deinde
1093 1456 1220 1488 dictum
1239 1460 1302 1487 est:
1324 1456 1416 1487 ‘Post
1435 1455 1613 1488 buccellam
1632 1456 1782 1487 introivit
1801 1456 1836 1487 in
1855 1467 1930 1488 eum
1949 1457 2105 1488 satanas?

455 1509 538 1546 Quia
559 1519 634 1540 cum
656 1509 794 1540 intravit
816 1512 948 1540 sanctus
970 1510 1064 1551 panis
1085 1509 1119 1540 in
1141 1509 1274 1551 plenum
1296 1510 1335 1540 de
1357 1509 1533 1551 iniquitate
1554 1513 1713 1546 ventrem,
1736 1509 1875 1541 intravit
1897 1509 2000 1541 hostis
2021 1509 2106 1541 anti-

455 1573 548 1603 (111115,
569 1562 624 1602 qui
643 1562 761 1593 dicitur
779 1562 927 1594 diabolus
946 1566 980 1593 et
997 1566 1140 1599 satanas,
1160 1563 1194 1594 in
1211 1562 1375 1594 crudelem
1392 1566 1427 1594 et
1444 1563 1580 1604 impiam
1597 1566 1751 1594 mentem.
1772 1563 1816 1594 Et
1833 1563 1876 1594 ad
1894 1574 1992 1604 quem
2009 1562 2107 1595 finem

457 1615 510 1646 illa
536 1616 786 1646 communicatio
814 1616 841 1647 ei
869 1616 1027 1657 pervenit,
1056 1627 1156 1657 quam
1181 1616 1253 1647 ideo
1280 1616 1416 1657 accepit,
1444 1619 1481 1647 ut
1508 1616 1629 1648 malam
1655 1616 1887 1647 conscientiam
1913 1616 2107 1648 mentiretur

456 1672 555 1709 atque
573 1667 701 1705 celaret,
718 1669 779 1710 ipsi
797 1669 911 1700 melius
929 1669 1028 1700 scitis.
1048 1669 1093 1700 Et
1112 1669 1186 1700 ille³
1204 1670 1299 1707 enim,
1317 1669 1401 1700 sicut
1418 1669 1480 1710 ipsi
1498 1669 1603 1710 legitis
1621 1669 1654 1700 in
1673 1669 1850 1711 scripturis,
1869 1669 1903 1700 in
1921 1669 2106 1711 exemplum

458 1721 557 1752 Iudae
578 1721 679 1753 filium
699 1722 837 1753 hominis
856 1723 958 1754 tradit
970 1741 1013 1745 -—
1029 1734 1094 1754 non
1114 1723 1247 1764 quidem
1262 1723 1391 1754 Iudaeis
1413 1722 1649 1764 peccatoribus,
1666 1723 1721 1754 sed
1740 1726 1852 1754 tamen
1867 1722 2105 1764 peccatoribuS,

456 1774 608 1805 membris
623 1774 773 1806 videlicet
787 1776 852 1806 suis
864 1794 918 1810 —,
936 1776 991 1817 qui
1008 1776 1086 1807 illud
1101 1775 1338 1808 inaestimabile
1353 1776 1485 1807 Domini
1500 1786 1617 1817 corpus
1633 1775 1754 1806 violare
1769 1775 1958 1817 praesumit.
1980 1776 2025 1808 Et
2045 1787 2105 1807 vae

457 1826 502 1857 illi
518 1827 649 1864 homini,
667 1828 722 1868 qui
738 1829 779 1859 ad
797 1840 943 1860 mensam
959 1829 1090 1860 Domini
1107 1829 1268 1870 malignus
1283 1829 1420 1866 accedit,
1438 1829 1495 1870 qui
1510 1829 1634 1860 insidiis
1650 1832 1760 1860 mente
1775 1829 1925 1866 conditis,
1943 1829 1999 1870 qui
2015 1840 2104 1870 prae-

456 1880 572 1910 cordiis
598 1881 711 1922 rapina
737 1885 796 1912 aut
822 1882 930 1923 aliquo
958 1883 1074 1914 scelere
1100 1882 1235 1925 pollutis
1261 1882 1491 1924 mysteriorum
1517 1882 1636 1914 Christi
1663 1882 1794 1913 secretis
1820 1882 2013 1924 participare
2040 1893 2106 1913 non

456 1933 583 1964 metuit.
606 1934 682 1971 Vae,
703 1935 848 1975 inquam,
869 1935 913 1966 illi
934 1935 1122 1976 presbitero,
1145 1946 1204 1967 vae
1225 1935 1270 1967 illi
1290 1936 1435 1973 diacono,
1457 1946 1518 1966 vae
1538 1935 1584 1966 illi
1603 1935 1813 1973 subdiacono,
1834 1946 1895 1967 vae
1914 1935 1961 1966 illi
1979 1935 2104 1973 clerico,

457 1996 516 2016 vae
540 1986 583 2017 illi
606 1987 737 2024 homini,
762 1989 800 2018 de
824 1999 888 2029 quo
911 1989 1010 2021 Iesus.
1035 1990 1091 2030 qui
1114 1989 1272 2020 altaribus
1294 1988 1508 2020 sacrosanctis
1529 1989 1614 2020 inter
1635 1988 1873 2021 immolandum
1894 1991 2011 2030 utpote
2033 1999 2104 2030 pro-

458 2039 563 2080 posita
584 2044 827 2071 consecraturus
848 2053 982 2073 munera
1003 2043 1114 2073 adesse
1135 2053 1201 2073 non
1221 2042 1403 2080 dubitatur,
1425 2042 1635 2074 adstantibus
1655 2042 1716 2073 sibi
1736 2042 1892 2074 ministris
1912 2041 2105 2073 caelestibus

459 2092 568 2132 queria
585 2093 720 2133 cogitur,
741 2095 827 2134 quod
846 2095 879 2125 in
897 2106 997 2126 caena
1016 2095 1182 2137 discipulis
1201 2096 1240 2127 de
1260 2096 1342 2127 Iuda
1363 2096 1462 2127 dixit:
1481 2095 1599 2133 ‘Ecce’,
1619 2095 1778 2136 inquiens,
1796 2094 1926 2126 ‘manus
1944 2095 2104 2126 tradentis

458 2155 508 2175 me
527 2156 653 2176 mecum
672 2150 721 2177 est
738 2147 771 2177 in
790 2148 922 2179 mensa.⁵
944 2149 987 2179 Et
1006 2160 1065 2180 vae
1085 2149 1140 2186 illi,
1167 2149 1206 2180 de
1233 2159 1296 2190 quo
1323 2149 1402 2180 dicit
1420 2148 1540 2180 Paulus
1559 2148 1736 2190 apostolus,
1757 2148 1844 2189 quod
1863 2148 1956 2189 quasi
1975 2148 2104 2189 speciali

459 2197 623 2238 privilegio
649 2199 682 2229 in
707 2210 806 2231 caena
827 2201 967 2238 Domini,
989 2202 1120 2242 quando
1147 2202 1226 2233 haec
1253 2206 1330 2233 sunt
1355 2202 1489 2238 tradita,
1516 2202 1665 2242 legimus:
1690 2201 1907 2242 ‘Quicumque
1926 2201 2104 2233 manducat

458 2261 575 2290 panem
601 2251 684 2282 hunc
710 2256 769 2283 aut
793 2253 924 2285 calicem
944 2255 1075 2286 Domini
1101 2255 1184 2286 bibit
1209 2255 1349 2297 indigne,
1375 2255 1531 2287 iudicium
1556 2255 1616 2286 sibi
1641 2255 1819 2286 manducat
1844 2258 1877 2286 et
1902 2254 1995 2292 bibit,
2023 2253 2104 2285 nonb

458 2303 648 2334 diiudicans'
668 2323 711 2327 —
731 2306 765 2336 id
786 2310 835 2337 est
857 2307 1039 2339 discernens
1060 2320 1079 2339 a
1100 2308 1181 2339 cibis
1202 2309 1317 2340 ceteris
1335 2327 1380 2332 —
1397 2308 1527 2350 ‘corpus
1550 2307 1719 2340 Dominib’.
1746 2307 1808 2339 Sed
1829 2308 1872 2339 sic
1894 2308 1937 2339 ad
1958 2319 2103 2339 mensam

458 2356 589 2387 Domini
611 2359 746 2389 accedat
768 2359 834 2389 sine
858 2361 1037 2391 reverentia
1060 2362 1231 2393 et·timcre
1254 2362 1293 2393 de
1317 2362 1459 2403 peccatis
1481 2362 1556 2399 suis,
1580 2362 1665 2392 sicut
1686 2361 1791 2392 laetus
1813 2361 1947 2398 accedit,
1972 2361 2102 2402 quando
2132 2386 2141 2388 -

460 2409 563 2440 socius
575 2421 651 2440 suus
662 2410 751 2442 illum
764 2411 857 2452 plena
868 2424 979 2444 mensa
991 2415 1096 2455 pascit
1107 2415 1146 2445 de
1158 2415 1279 2456 rapinis
1291 2415 1365 2446 suis.
1379 2415 1424 2446 Et
1435 2415 1522 2456 quod
1533 2415 1620 2446 idem
1631 2414 1712 2445 dicit
1723 2413 1905 2455 apostolus:
1915 2413 2007 2444 ‘Ideo
2018 2414 2103 2445 inter

457 2472 516 2492 vos
535 2462 629 2493 multi
649 2463 767 2495 infirmi
786 2468 819 2495 et
838 2465 1000 2497 inbecilles
1019 2471 1052 2497 et
1071 2468 1260 2505 (lormiunt’,
1280 2468 1314 2499 id
1333 2472 1383 2499 est
1401 2468 1594 2505 moriuntur,
1613 2467 1749 2499 ‘multi':
1770 2468 1829 2498 1100
1849 2470 2050 2498 monstratur
2068 2467 2102 2498 in

458 2515 603 2556 exemplo
625 2517 663 2547 de
684 2517 929 2549 infiimitatibus
949 2523 982 2549 et
1002 2520 1161 2551 mortibus
1181 2521 1402 2562 corporalibus
1422 2521 1615 2562 aliquorum,
1638 2520 1726 2561 quod
1746 2519 1784 2551 fit
1803 2520 1836 2550 in
1857 2520 1965 2551 anima
1985 2520 2018 2551 in
2039 2520 2101 2561 spi-

458 2568 605 2599 ritalibus
628 2569 872 2601 infirmitatibus
896 2575 994 2612 atque
1019 2573 1178 2604 mortibus
1201 2574 1347 2606 omnium
1370 2574 1665 2605 inreverendorum.
1690 2573 1735 2604 Et
1758 2584 1822 2614 qua
1847 2573 1953 2604 fronte
1977 2573 2101 2604 accedit

542 2676 599 2699 137.
620 2679 642 2705 ³)
663 2678 750 2706 quaeri
774 2678 803 2700 15.
891 2677 914 2707 1’)
932 2681 1257 2711 11011*1)1>111’111’1(Ζ.39)
1281 2689 1324 2704 ron
1346 2681 1449 2711 qleiclaer
1470 2681 1548 2704 Hand
1568 2681 1613 2704 mi!
1634 2681 1764 2705 duuklerer
1788 2681 1861 2704 Tinle
1884 2681 1936 2704 und
1956 2681 1982 2704 171
2005 2688 2104 2710 enqerer
2127 2684 2153 2703 451

457 2720 548 2749 Nslltisl
566 2721 611 2750 1111]
632 2721 690 2744 Rus.
712 2721 741 2744 B.

550 2799 574 2829 l)
595 2799 646 2830 ι’ῃΙ.
673 2799 733 2823 aba„
761 2800 788 2824 Ν,
803 2800 837 2825 61]
862 2800 895 2824 A.
915 2801 934 2824 l.
1032 2802 1057 2825 21
1080 2802 1273 2835 Fczstcvbeqinw
1300 2803 1361 2828 859:
1386 2806 1410 2828 δ’,
1423 2803 1550 2829 Γρότυαγ.
1646 2804 1672 2833 3)
1690 2803 1746 2835 syl.
1772 2803 1834 2828 oben
1852 2804 1880 2828 Ν.
1895 2803 1928 2828 61
1951 2803 1981 2828 Z.
1996 2803 2029 2828 15
2039 2803 2058 2835 s.

2134 774 2160 793 10

2134 1039 2161 1058 15

2133 1306 2160 1325 20

2133 1572 2160 1591 25
2205 1577 2208 1606 ἶ

2131 1838 2202 1857 30
