2272 3197
77 756 104 776 10

77 1022 102 1041 15

76 1288 103 1307 20

75 1554 102 1574 25

75 2088 102 2106 35

77 2384 103 2402 40

710 180 898 206 HINKMAR
919 180 996 206 VON
1017 180 1137 206 REIMS
1158 180 1200 205 37.
1741 178 1777 208 17

134 271 265 308 meam’,
282 274 331 302 et:
347 270 460 302 ‘Multi
477 274 556 301 sunt
571 271 690 307 vocati,
708 270 805 312 pauci
820 280 895 301 vero
912 269 1029 301 electi’.
1053 272 1126 307 Qua
1142 270 1305 301 sententia
1321 269 1415 301 docet
1433 279 1704 311 unumquemque
1721 281 1778 301 nec

130 323 170 355 de
185 334 218 354 se
232 333 439 366 praesumere
450 334 509 355 nec
520 323 635 365 alium,
646 323 729 355 dum
742 323 777 354 in
786 323 866 355 11368
875 323 946 354 vita
957 326 1016 360 est,
1027 322 1244 363 quantislibet
1256 321 1350 354 malis
1361 322 1404 353 sit
1413 325 1599 363 coopertus,
1609 322 1778 363 desperare

131 374 272 414 debereb,
286 377 341 408 sed
351 387 594 418 quemcumque
605 387 684 408 cum
695 376 813 408 timore
825 380 858 407 et
870 379 1010 408 tremore
1022 375 1166 407 salutem
1177 386 1273 407 suam
1283 375 1421 417 operari,
1435 378 1474 406 ut
1485 379 1519 406 et
1529 375 1599 416 ‘qui
1609 374 1778 416 gloriatur,

131 430 165 461 in
178 430 321 462 Domino
335 429 514 471 glorietur’.
530 429 593 461 Sed
606 434 640 460 et
653 440 731 461 cum
744 429 840 461 dicit:
853 428 974 460 ‘Erunt
989 429 1088 471 primi
1102 429 1273 460 novissimi
1287 433 1320 459 et
1334 428 1504 460 novissimi
1520 428 1670 470 pri[mi]’‚
1685 428 1779 460 docet

134 493 406 524 unumquemque
426 493 492 514 non
511 483 550 514 de
569 482 728 524 temporis
746 486 806 514 aut
825 482 993 513 servitutis
1012 493 1089 513 suae
1108 481 1349 523 longinquitate
1369 482 1403 512 in
1423 482 1553 513 servitio
1573 481 1684 512 divino
1703 492 1777 513 con-

131 536 227 567 fidere
250 547 309 568 nec
330 536 370 567 de
392 536 577 578 pravitatec
597 536 757 577 temporis
778 546 857 567 cum
879 534 965 566 fideli
987 535 1159 566 devotione
1181 535 1216 566 in
1238 535 1350 566 divina
1372 535 1530 566 servitute
1552 534 1709 566 diffidere.

222 588 381 621 Similiter
396 592 439 626 et,
455 599 539 630 quae
550 589 615 629 [de]
625 586 640 607 ἃ
651 588 865 630 praescientia
875 588 987 619 divina
998 588 1160 629 scriptura
1170 588 1265 619 docet
1281 588 1421 629 sparsim
1437 599 1494 630 per
1509 599 1615 619 sacras
1631 588 1777 630 paginas,

131 642 235 674 fidelis
259 641 447 673 intellectus
472 641 569 673 debet
594 642 773 673 discernere
798 644 842 678 et,
868 651 952 682 quae
978 651 1020 671 ex
1046 641 1343 682 praedestinatione
1368 641 1656 678 commendant1u·‚
1683 640 1778 672 debet

130 694 268 727 fideliter
290 694 488 736 intellegere,
511 695 589 735 quia
612 699 732 726 cuncta
756 693 866 731 simul,
891 697 929 724 ut
952 693 986 724 in
1009 693 1121 724 divina
1145 693 1281 724 scientia
1303 693 1478 731 habentur,
1501 704 1567 725 vox
1591 693 1778 735 fragilitatis

129 749 294 780 humanae
311 759 378 778 non
393 747 482 779 valet
498 748 687 789 depromere
696 751 718 778 θ.
734 747 780 779 Et
797 750 968 788 propterea
984 745 1164 777 catholicus
1181 757 1294 777 sensus
1312 757 1377 777 non
1394 747 1491 778 debet
1506 758 1591 788 quae
1607 747 1777 788 dispertite

128 802 216 833 dicta
239 805 318 832 sunt
348 802 382 832 in
406 812 464 832 sua
486 801 676 832 confusione
699 800 908 832 confundere.
930 799 1024 831 Unde
1047 799 1124 840 quia
1149 798 1314 830 maximas
1343 800 1530 841 saepefatus
1559 800 1659 831 frater
1681 799 1777 831 Gote—

129 854 254 886 scalcus
276 865 317 886 ex
334 854 642 896 praedestinationis
658 858 691 885 et
708 852 940 895 praescientiae
955 852 1147 884 confusione
1162 862 1289 883 venena
1306 863 1365 883 3113
1383 863 1616 894 usquequaque
1632 853 1776 889 diffudit,

129 908 251 939 iterum
273 908 415 939 breviter
437 907 610 949 replicab0‚
633 917 717 948 quae
740 906 840 938 latius
862 906 897 936 in
920 905 1141 947 superioribus
1163 904 1310 946 colligere
1334 906 1458 941 studui,
1481 905 1559 946 quia
1582 905 1638 937 illa
1662 906 1778 938 melius

129 972 224 1003 saepe
246 961 441 998 retinentur,
464 971 548 1002 quae
571 960 732 1001 posterius
753 959 946 990 audiuntur.

231 1015 316 1051 Quia
337 1014 432 1044 Deusl
452 1017 591 1043 bonorum
611 1019 710 1043 auctor
728 1019 781 1046 est,
808 1024 865 1042 non
884 1015 1033 1045 malorum,
1054 1015 1276 1048 praedestinatio
1296 1015 1349 1040 Dei
1367 1023 1478 1048 semper
1503 1016 1532 1040 in
1559 1015 1633 1041 bono
1658 1018 1702 1041 est
1727 1019 1779 1042 aut

129 1072 166 1098 ad
191 1071 409 1097 retributionem
435 1071 561 1097 iustitiae
587 1072 638 1096 aut
663 1070 700 1096 ad
725 1069 909 1096 donationem
935 1068 1080 1102 pertinens
1106 1069 1222 1101 gratiae.
1250 1064 1472 1096 Praescientia
1497 1068 1613 1096 autem
1641 1065 1720 1096 Dei²
1744 1065 1777 1096 in

127 1121 223 1153 bonis
247 1124 281 1152 et
310 1121 345 1152 in
372 1120 466 1152 malis
492 1119 706 1160 intellegenda
731 1122 792 1156 est,
821 1118 899 1159 quia
925 1118 1065 1159 praescit
1089 1118 1177 1148 Deus
1208 1116 1306 1155 mala,
1335 1128 1419 1158 quae
1450 1118 1563 1148 futura
1593 1121 1682 1155 sunt,
1713 1129 1777 1148 non

127 1178 242 1206 autem
256 1174 489 1216 praedestinat.
504 1172 606 1203 Bonass
624 1185 692 1202 vero
710 1178 739 1202 et
758 1176 881 1209 praescit
899 1179 929 1200 et
948 1174 1143 1208 praedestinat
1162 1175 1197 1202 et
1216 1171 1461 1212 praedestinata
1476 1170 1604 1212 perficit
1623 1174 1656 1201 et
1675 1171 1778 1212 gratia

129 1239 188 1259 Sua
217 1231 417 1259 remunerat.
446 1227 491 1258 Et
520 1225 728 1264 praescientia4
754 1232 850 1262 potest
874 1236 934 1254 esse
961 1229 1020 1254 sine
1047 1228 1318 1262 praedestinatione,
1346 1227 1570 1261 praedestinatio
1597 1230 1693 1253 autem
1720 1228 1778 1253 sine

128 1285 315 1319 praescientia
334 1293 395 1310 esse
414 1292 471 1310 non
491 1286 596 1317 potest,
615 1279 692 1320 quia
713 1289 796 1319 quae
818 1289 859 1309 ex
872 1278 933 1308 Dei
956 1289 1089 1309 munere
1110 1277 1270 1309 habemus
1290 1281 1324 1309 et
1343 1288 1428 1318 quae
1444 1277 1604 1318 praescita
1623 1277 1779 1308 dicuntur

129 1345 195 1365 non
223 1337 363 1375 possunt
390 1344 455 1364 non
483 1343 549 1364 esse
577 1332 818 1374 praedestinata
852 1336 885 1362 et
911 1341 995 1371 quae
1030 1331 1273 1372 praedestinata
1299 1330 1512 1372 appellantur
1546 1341 1612 1361 non
1640 1335 1778 1371 possunt

129 1398 195 1418 non
218 1398 285 1418 esse
309 1387 479 1428 praescita.
509 1386 594 1424 Quia
616 1385 712 1422 bona,
736 1395 820 1426 quae
844 1385 912 1426 ipse
936 1384 1013 1415 fecit
1036 1388 1069 1415 et
1096 1388 1133 1415 ut
1156 1384 1336 1415 faceremus
1361 1384 1462 1417 dedit,
1489 1388 1522 1414 et
1548 1383 1722 1425 praescivit
1746 1388 1780 1414 et

129 1440 401 1483 praedestinavit3
420 1440 454 1470 in
475 1439 568 1471 malis
586 1443 698 1470 autern
715 1437 769 1469 vel
787 1438 907 1469 nostris
924 1437 977 1468 vel
994 1437 1114 1468 diaboli
1132 1437 1286 1478 operibus
1304 1437 1371 1468 3013
1391 1437 1634 1478 [prae]scientia
1651 1437 1713 1468 Dei
1731 1437 1777 1467 in-

127 1493 307 1534 teUegenda
322 1497 372 1524 est
386 1493 454 1524 sine
470 1492 777 1534 praedestinatione,
792 1491 869 1532 quia
882 1502 967 1532 quae
983 1502 1040 1522 nec
1056 1491 1124 1532 ipse
1140 1491 1216 1522 iecit
1232 1501 1290 1521 nec
1306 1494 1344 1521 ut
1358 1491 1539 1521 faceremus
1553 1490 1672 1530 exegit,
1688 1500 1778 1531 prae-

128 1547 223 1579 scivit
246 1550 394 1583 tantum,
420 1557 486 1577 non
510 1546 611 1577 etiarn
636 1544 903 1586 praedestinavit.
936 1544 1020 1582 Quia
1046 1548 1279 1581 praedestinatio,
1304 1544 1390 1575 sicut
1413 1543 1530 1575 beatus
1552 1543 1779 1583 Augustinus¹³

126 1600 238 1633 dicit-²³.
262 1613 278 1630 a
300 1603 510 1637 praemittendo
531 1607 561 1628 et
581 1602 789 1636 praeveniendo
812 1601 857 1627 vel
878 1601 1105 1635 praeordinando
1127 1600 1257 1627 futurum
1278 1600 1387 1633 aliquid
1408 1600 1523 1627 dieitur.
1548 1600 1586 1626 Et
1607 1599 1671 1625 ideo
1694 1600 1778 1629 Deus,

128 1658 173 1684 cui
192 1657 379 1691 praescientia
397 1665 455 1682 non
474 1655 613 1685 accidens,
633 1655 681 1680 sed
696 1655 819 1681 essentia
838 1654 894 1680 fuit
913 1663 1023 1688 semper
1041 1658 1071 1680 et
1090 1657 1144 1684 est,
1160 1653 1295 1688 quicquid
1315 1656 1471 1687 antequam
1491 1654 1529 1679 sit
1549 1653 1681 1687 praescit,
1701 1661 1779 1686 prae-

127 1711 263 1738 destinat.
275 1713 305 1736 et
319 1714 470 1744 propterea
480 1709 683 1743 praedestinat,
700 1709 767 1742 quia
778 1703 884 1742 qualeh
899 1708 1029 1734 futurum
1044 1708 1082 1733 sit
1096 1708 1227 1741 praescit.
1244 1707 1320 1733 Mala
1334 1707 1410 1733 enim
1426 1710 1541 1733 tantum
1557 1706 1689 1740 praescit,
1706 1706 1781 1732 bona

128 1772 195 1791 vero
214 1768 245 1789 et
264 1763 387 1797 praescit
406 1766 436 1789 et
455 1762 659 1796 praedestinat.
679 1756 741 1789 Eti
760 1757 838 1789 alibi
859 1758 946 1789 idem
966 1756 1082 1789 dicit⁶z
1106 1761 1332 1787 Praedestinatio
1352 1763 1397 1786 est
1416 1760 1525 1794 gratiae
1546 1759 1727 1793 praeparatio
1747 1760 1780 1786 et

127 1817 219 1851 gratia
239 1818 288 1844 est
316 1817 378 1850 ipsa
397 1812 484 1844 Vitae
505 1815 634 1846 donatio,
654 1812 688 1842 id
708 1818 753 1840 est
774 1814 1041 1849 praedestinationis
1062 1814 1190 1840 effectus.
1211 1810 1256 1841 Et
1276 1810 1386 1847 homO‚
1409 1810 1494 1840 sicut
1515 1808 1609 1850 longe
1631 1808 1780 1850 superius

127 1866 305 1903 diximus7,
322 1877 388 1896 non
406 1869 456 1897 est
474 1865 582 1896 factus
598 1875 701 1906 neque
718 1864 981 1906 praedestinatus
999 1875 1017 1895 a
1032 1864 1111 1901 Deo,
1129 1862 1190 1894 utk
1208 1864 1269 1894 iret
1289 1863 1323 1894 in
1342 1863 1453 1903 ignem
1470 1866 1655 1900 aeternum,
1676 1873 1779 1903 neque

127 1920 211 1961 ignis
232 1923 385 1950 aeternus
407 1919 514 1950 factus
536 1921 586 1949 est
608 1921 742 1960 propter
763 1918 944 1955 hominem,
968 1917 1023 1948 sed
1046 1920 1180 1958 propter
1202 1916 1383 1953 diabolum,
1406 1916 1493 1947 sicut
1514 1915 1596 1947 dicit
1615 1915 1780 1946 Dominus

127 1973 162 2004 in
177 1972 359 2013 evangelio:
372 1971 451 2009 ‘Qui
462 1975 677 2013 praeparatus
687 1975 737 2002 est
746 1970 874 2002 diabolo
890 1975 923 2002 et
938 1969 1061 2011 angelis
1076 1970 1168 2002 eius’.
1182 1970 1291 2002 Homo
1307 1973 1422 2001 autern
1438 1969 1546 2001 factus
1560 1972 1621 2006 est,
1633 1972 1672 1999 ut
1686 1968 1778 2000 oboe-

127 2027 211 2057 diret
231 2026 298 2057 Deo
321 2029 355 2057 et
376 2035 573 2067 permanens
595 2024 629 2056 in
651 2024 856 2056 oboedientia
878 2024 940 2055 iret
961 2024 1004 2055 ad
1026 2034 1163 2064 regnum
1184 2027 1370 2059 aeternum,
1392 2026 1427 2054 et
1448 2033 1587 2063 regnum
1607 2025 1780 2053 aeternum

128 2082 361 2122 praeparatum
371 2082 421 2110 est
429 2078 557 2110 homini
567 2089 585 2109 a
595 2077 833 2109 constitutione
846 2077 973 2109 mundi.
991 2076 1054 2108 Sed
1072 2081 1249 2118 postquam
1264 2076 1361 2107 homo
1374 2076 1522 2117 peccavit
1533 2093 1577 2098 —
1595 2075 1698 2116 magis
1713 2085 1778 2106 cre-

127 2132 206 2164 dens
219 2136 253 2163 et
263 2131 435 2163 oboediens
444 2131 565 2162 diaboli
576 2130 775 2171 suggestioni
784 2141 886 2172 quam
896 2130 956 2161 Dei
969 2130 1177 2172 promissioni
1187 2134 1220 2160 et
1232 2129 1454 2171 praeceptioni
1466 2147 1510 2151 —
1523 2132 1556 2160 et
1567 2127 1650 2159 filios
1661 2132 1780 2159 natura

128 2186 193 2217 irae
213 2189 246 2216 et
266 2185 458 2227 perditionis
477 2195 519 2216 ex
539 2195 571 2215 se
592 2184 717 2224 genuit,
739 2183 914 2225 praescivit
932 2183 1022 2214 Deus
1041 2183 1257 2214 omnisciente
1279 2182 1494 2224 praescientia
1515 2193 1574 2213 sua
1594 2185 1628 2213 et
1648 2181 1779 2223 praede-

128 2238 265 2269 stinavit
284 2238 429 2279 gratuita
453 2237 670 2269 misericordia
691 2247 761 2274 sua,
782 2237 840 2278 qui
861 2247 902 2268 ex
923 2236 969 2267 eis
991 2247 1094 2277 usque
1115 2236 1149 2267 in
1171 2235 1273 2267 finem
1293 2235 1414 2267 saeculi
1436 2234 1630 2277 perventuri
1651 2234 1719 2265 sint
1738 2234 1779 2265 ad

211 2340 235 2367 ²)
253 2345 282 2360 as*
296 2338 326 2360 B.
397 2335 421 2367 ¹³)
441 2337 473 2360 de
490 2336 582 2360 debore
598 2336 627 2359 B.
698 2338 720 2365 ⁰)
740 2336 844 2367 pra-vita
859 2335 889 2359 Β,
959 2333 983 2363 ¹¹)
1002 2335 1110 2365 Erqtinzt
1120 2335 1213 2358 Gurzsdl.
1286 2336 1308 2363 e)
1327 2334 1507 2364 depromerem*
1522 2334 1553 2357 Β.
1629 2331 1648 2361 ¹)
1668 2333 1779 2355 maxima·

128 2381 189 2404 verb.
201 2381 291 2405 (ktndl.
373 2383 395 2410 g)
414 2382 549 2412 agustinus
563 2381 593 2404 Β.
672 2379 696 2409 ¹¹)
716 2380 818 2411 qualem
832 2380 863 2403 Β.
944 2377 962 2405 i,
983 2380 1003 2402 E
1025 2379 1053 2402 R.
1134 2377 1158 2407 Κ)
1177 2378 1223 2401 Vor
1240 2382 1265 2401 111
1284 2379 1359 2402 Ieerer
1373 2379 1455 2401 Ranm
1471 2377 1513 2408 fur
1529 2380 1588 2401 elwa
1606 2378 1621 2401 2
1636 2376 1735 2400 Buehst.
1750 2376 1779 2399 B.

223 2469 246 2499 1)
266 2468 391 2501 Prosper.
409 2477 529 2501 respons.
549 2467 584 2493 ud
600 2468 683 2500 capit.
701 2467 839 2492 obiectivn.
857 2466 970 2495 Gallor„
990 2466 1087 2499 Miqne
1103 2467 1146 2495 51,
1165 2465 1226 2492 169.
1322 2467 1348 2496 2)
1366 2466 1432 2491 Dem
1458 2464 1611 2497 Folyeudeu
1635 2472 1702 2496 qauz
1725 2467 1778 2488 enl-

130 2512 274 2544 sprechend
296 2512 361 2538 oben
378 2513 428 2538 ΧΥ.
442 2513 476 2538 28
493 2513 521 2537 S.
536 2512 570 2538 10
585 2512 615 2537 Z.
629 2512 682 2545 3ff.
800 2512 827 2542 3)
851 2511 1062 2543 Pa-Auqustirz.
1087 2510 1267 2544 Hypomnest.
1290 2510 1338 2536 Vl.
1355 2510 1380 2539 2,
1398 2510 1424 2536 53.
1450 2509 1546 2542 Miqne
1569 2509 1612 2535 45.
1636 2509 1714 2533 1657.
1747 2523 1780 2525 —

130 2555 225 2581 Dieses
233 2556 318 2585 Werk,
331 2565 380 2582 von
392 2557 591 2582 unbekanntem
599 2556 736 2589 Versus-ser
748 2564 799 2581 nus
811 2555 868 2581 dem
883 2555 996 2587 Ansam]
1008 2555 1053 2580 des
1068 2556 1089 2580 7.
1100 2555 1173 2584 Jhs.‚
1185 2555 1249 2587 91'119
1263 2558 1338 2579 anter
1350 2554 1407 2579 dem
1418 2554 1527 2579 Numen
1539 2553 1584 2578 (Ie-s
1597 2552 1778 2585 Auqustimm.

131 2599 193 2625 (loch
207 2600 291 2626 haben
301 2601 468 2626 Prudentiws
480 2609 527 2626 von
542 2601 644 2633 Troyes
656 2600 713 2626 und
724 2600 781 2626 E'bo
791 2609 839 2625 z'on
849 2599 975 2625 Grenoble
987 2599 1035 2624 den
1047 2599 1190 2624 Nachweis
1202 2599 1290 2624 selues
1304 2598 1403 2624 nicht-11
1409 2598 1515 2630 uyustirz
1521 2597 1611 2623 ischen
1624 2597 1780 2629 Ursprnnqs

97 2654 105 2665 1
131 2643 241 2675 qesilhrt.
267 2639 336 2669 Uber
352 2645 498 2670 ‘Hincmar
521 2648 544 2670 et
569 2645 649 2670 Saint
667 2644 816 2677 Auryustzssn'
836 2645 875 2669 im
893 2644 1062 2671 besonderen,
1080 2644 1150 2669 auch
1167 2646 1245 2668 'anter
1265 2642 1524 2674 Berit'clcsichtiqzmq
1547 2641 1593 2666 der
1617 2640 1718 2672 Sclzrist
1735 2639 1780 2664 ‘ad

131 2688 286 2720 simplices’,
318 2689 366 2720 vql.
398 2689 440 2714 M.
465 2689 587 2722 ‚Jacqum
612 2691 637 2714 in
670 2689 823 2721 'Melanqffl
846 2688 985 2713 cl’histoire
1008 2688 1098 2721 offerls
1128 2688 1145 2713 ὰ
1176 2687 1287 2712 Charles
1312 2686 1433 2712 Moeller'
1458 2686 1474 2711 I
1509 2685 1610 2718 (1914)
1643 2685 1671 2710 S.
1692 2683 1777 2716 3283?

131 2733 159 2763 4)
182 2731 298 2764 Prosper
314 2741 339 2757 α.
351 2733 432 2763 α.0.,
449 2733 544 2766 Miqne
561 2733 606 2763 51,
619 2733 680 2759 170.
786 2733 814 2765 5)
837 2732 1049 2764 Ps.-Au9u3tin.
1074 2740 1100 2757 (ι.
1113 2740 1139 2757 α.
1152 2731 1184 2757 0.
1286 2732 1315 2763 6)
1333 2731 1480 2763 Auqusaeivn.
1507 2730 1552 2755 lib.
1578 2729 1609 2754 de
1634 2727 1777 2761 praedesti-

133 2776 240 2801 natione
264 2779 416 2802 sanctorum
428 2777 465 2806 X,
491 2777 534 2806 19,
561 2777 655 2810 Miqne
681 2778 724 2803 44.
750 2777 826 2809 974j.
919 2777 947 2807 7)
965 2776 1020 2808 Vql.
1039 2776 1193 2808 Zeitscltrift
1209 2775 1256 2807 fiir
1274 2773 1543 2807 Kirclzenqeschichte
1560 2773 1597 2803 X,
1612 2772 1673 2798 272.

220 2823 385 2850 EPISTOLAE
404 2825 487 2851 VIII.
1552 2823 1566 2845 3

1804 258 1978 288 849—850.

1793 300 1877 320 Matth.
1889 300 1970 324 20‚1e.

1796 371 1844 395 Vgl.
1855 371 1914 392 Phil.
1925 372 1946 396 2,
1955 372 1989 391 12.

1795 399 1815 417 2.
1826 398 1876 418 Cor.
1888 398 1923 422 10,
1936 399 1970 418 17.

1794 425 1878 445 Matth.
1890 425 1925 449 19,
1935 425 1973 449 303

1801 451 1869 471 Maso.
1882 451 1916 475 10,
1927 452 1963 471 31.

1796 1980 1879 2000 Matth.
1892 1980 1926 2003 25,
1937 1981 1972 2000 41.

1794 2074 1843 2097 vgl.
1860 2073 1942 2094 matth.

1831 2100 1865 2124 25,
1877 2100 1911 2119 34.

1796 2140 1846 2163 Vgl.
1857 2139 1917 2163 Emi.
1929 2140 1949 2164 2,
1961 2140 1982 2159 3.

1795 2180 1844 2203 Vgl.
1863 2180 1933 2200 Eceu.

1829 2207 1863 2229 23,
1875 2207 1910 2226 21.
