2220 3192
271 310 446 341 860—861.

318 2382 388 2403 Mich.
400 2383 422 2407 4,
433 2382 452 2402 8.

474 218 534 247 110
1038 213 1223 240 HINKMAR
1242 212 1321 238 VON
1342 211 1462 237 REIMS
1485 212 1544 236 141.

567 311 698 344 Quisquis
716 312 760 335 cst
777 309 832 338 ille,
853 308 900 340 qui
919 307 997 336 dicit,
1018 305 1093 338 quod
1112 312 1294 338 nequaquam
1313 303 1404 329 deitas
1423 303 1499 328 trina
1518 302 1573 328 dici
1592 302 1730 329 catholice
1749 303 1850 336 possit,
1870 302 1918 328 sed
1937 303 2115 330 solummodo

468 365 560 391 ‹lt—itas
574 373 630 389 una
645 364 691 393 sit,
706 362 791 387 debet
804 359 971 391 interrogari
985 358 1137 387 subtiliter,
1153 356 1296 390 quomodo
1310 356 1388 382 dieat
1402 364 1490 382 unam
1504 355 1550 381 vel
1565 355 1696 389 qualiter,
1711 358 1809 381 utrum
1825 355 1933 382 scilicet
1946 356 2117 382 naturaliter

468 426 503 443 an
521 416 712 450 personaliter.
732 414 760 439 Si
776 411 929 445 respondet
944 414 974 437 et
988 411 1059 436 dicit
1074 419 1161 436 unam
1178 409 1317 435 deitatem
1332 417 1392 434 esse
1408 408 1579 435 credendam
1594 411 1624 434 et
1640 407 1833 435 confitendam
1850 409 2046 442 personaliter,
2062 410 2117 435 nisi

467 478 551 495 suum
569 469 695 494 concitus
713 466 837 498 corrigat
854 472 977 494 sensum,
996 471 1094 490 revera
1113 471 1177 488 cum
1198 461 1320 488 Sabellio
1338 461 1436 488 audire
1456 464 1580 487 meretur
1597 461 1752 487 anathema
1771 462 1810 488 sic
1828 461 2064 495 praesentialiter,
2082 466 2116 488 ut

470 526 608 548 mereatur
626 519 695 545 illud
713 519 801 544 etiam
819 518 881 550 pati
898 517 958 542 iure
977 515 1189 550 perpetualiter.
1209 515 1284 541 Hinc
1303 515 1378 540 enim
1397 515 1532 540 haeretici
1553 513 1706 541 Sabelliani
1724 514 1794 541 dicti
1813 515 2028 548 nuncupatique
2047 519 2115 541 sunt

466 575 553 600 etiam
572 571 783 605 Patripassiani,
803 571 869 603 quia
885 569 1038 595 noluerunt
1054 577 1106 595 nec
1123 569 1240 594 omnino
1256 571 1413 601 potuerunt
1430 576 1532 601 negare
1551 568 1643 594 Deum
1660 570 1773 601 patrem
1790 576 1917 601 passum,
1935 567 2004 594 dum
2022 568 2117 594 Deum

467 625 650 660 personaliter
666 624 881 650 somniaverunt
897 631 996 652 unum,
1014 630 1071 647 non
1089 622 1163 647 sicut
1179 622 1296 648 ecelesia
1313 624 1413 647 sancta
1430 621 1570 647 catholica
1587 624 1617 646 et
1634 620 1791 654 apostolica
1808 621 1898 647 credit
1915 624 1945 646 et
1962 621 2114 647 confitetur

468 680 558 704 Deum
577 677 745 703 naturaliter
763 685 852 702 unum
871 678 900 701 et
918 675 1104 708 personaliter
1122 675 1239 700 trinum.
1259 674 1298 700 At
1317 675 1339 700 si
1359 677 1488 700 metuens
1506 674 1691 700 anathemate
1710 674 1764 699 rite
1782 673 1895 707 percelli
1914 677 1943 699 et
1960 674 2030 699 illud
2050 683 2116 700 cum

467 731 684 764 Patripassianis
704 730 765 763 pati
786 729 891 754 dixerit
911 728 1049 754 deitatem
1070 736 1130 753 esse
1151 728 1320 754 naturaliter
1340 735 1438 758 unam,
1460 727 1572 753 credere
1593 729 1798 760 consequenter
1819 726 1906 752 debet
1926 730 1955 752 et
1977 727 2115 758 confiteri,

466 786 488 810 si
506 790 601 810 tamen
620 783 683 808 vult
706 782 820 807 veniam
839 781 948 811 mereri,
966 789 1080 814 prorsus
1097 789 1157 806 esse
1175 781 1333 807 deitatem⁸
1349 780 1536 814 personaliter
1559 780 1676 811 trinam,
1694 780 1777 806 sicuti
1796 779 1903 806 scilicet
1921 779 2015 806 Deum
2032 783 2116 806 natu-

465 838 562 864 raliter
578 844 667 862 unum
685 837 799 862 constat
815 843 875 860 esse
892 834 991 867 procul
1008 833 1096 860 dubio
1113 834 1299 867 personaliter
1315 834 1433 859 trinum.
1452 833 1492 860 Ac
1511 841 1561 867 per
1576 833 1641 864 hoc,
1658 833 1732 859 sicut
1748 841 1806 859 non
1823 835 1921 866 potest
1937 834 1966 859 in
1984 828 2116 867 hymnisb

465 894 494 916 et
508 891 536 915 in
551 892 716 915 sanctorum
730 891 846 921 patrum
860 887 949 917 libris,
964 886 1013 912 ubi
1028 887 1133 914 dicitur
1146 887 1239 913 trinus
1254 890 1283 912 et
1297 895 1371 912 unus
1386 887 1472 917 Deus,
1487 886 1635 912 immutari
1649 889 1679 912 et
1693 886 1749 912 dici
1764 889 1880 912 sanctus
1895 888 1925 911 et
1939 894 2013 912 unus
2029 886 2115 917 Deus,

465 944 506 969 ita
518 943 653 968 nimirum
666 942 724 967 sine
738 941 837 967 mortis
849 941 937 966 exitio
949 941 1097 966 immutari
1109 949 1166 966 non
1179 943 1284 974 potest,
1298 940 1347 966 ubi
1359 939 1464 966 dieitur
1476 940 1552 965 trina
1565 942 1594 965 et
1606 948 1664 965 una
1676 939 1779 969 deitas,
1792 942 1826 965 ut
1838 939 1878 964 ibi
1890 939 2003 965 dicatur
2016 942 2115 965 sancta

465 999 494 1021 et
508 1004 565 1021 una
579 995 680 1025 deitas,
697 995 763 1028 quia
777 1002 884 1024 revera,
901 1001 966 1019 cum
980 993 1033 1019 hoc
1047 1002 1098 1019 nec
1112 993 1152 1019 ibi
1167 993 1258 1027 possit
1272 993 1414 1019 ullatenus
1429 992 1497 1023 fieri,
1512 993 1562 1018 ubi
1576 1001 1633 1018 non
1648 995 1692 1018 est
1707 992 1807 1018 addita
1821 997 1851 1018 et
1864 1001 1932 1023 una,
1947 992 1996 1018 sed
2011 993 2115 1018 solum-

466 1049 550 1075 modo
568 1048 672 1074 dicitur
689 1047 781 1073 deitas
799 1047 884 1077 trina,
905 1046 995 1072 multo
1015 1047 1108 1073 minus
1125 1046 1165 1072 ibi
1183 1049 1279 1080 potest
1298 1046 1366 1077 fieri,
1385 1046 1434 1072 ubi
1452 1045 1544 1072 deitas
1562 1046 1639 1071 trina
1657 1045 1762 1072 dicitur
1779 1048 1809 1071 et
1826 1054 1893 1071 una.
1920 1044 1992 1076 Quia
2011 1045 2118 1072 scilicet

465 1102 639 1135 simplicibus
657 1109 723 1126 mox
740 1100 890 1130 diceretur,
907 1100 981 1126 sicut
998 1102 1027 1125 et
1044 1099 1161 1125 dicitur:
1179 1099 1251 1126 Ecce
1268 1108 1344 1126 nunc
1360 1100 1419 1125 iam
1435 1102 1527 1133 patet,
1546 1099 1612 1132 quia
1629 1107 1686 1124 non
1703 1101 1819 1132 poterat
1835 1107 1886 1124 nec
1903 1101 2000 1132 potest
2016 1107 2115 1126 revera

464 1155 520 1181 dici
535 1155 626 1180 deitas
641 1155 725 1184 trina,
742 1153 790 1178 sed
802 1155 918 1179 tantum
928 1152 1020 1178 deitas
1030 1161 1095 1179 una.
1118 1152 1172 1179 Sed
1183 1152 1311 1186 profecto
1320 1153 1378 1179 iam
1389 1156 1503 1186 tempus
1513 1155 1566 1183 est,
1584 1155 1617 1178 ut
1629 1153 1677 1186 qui
1688 1151 1808 1178 credunt
1818 1154 1905 1185 atque
1916 1151 2025 1182 dicunt,
2038 1152 2114 1185 quod

464 1217 521 1234 non
539 1208 629 1241 possit
645 1207 848 1233 auctoritative
864 1214 956 1239 neque
973 1214 1038 1233 vere
1055 1206 1110 1232 dici
1127 1206 1218 1232 deitas
1235 1206 1320 1236 trina,
1338 1209 1456 1232 cernant
1472 1208 1503 1231 et
1520 1205 1618 1240 legant
1631 1206 1660 1230 in
1676 1204 1749 1232 libro
1763 1205 1797 1231 de
1817 1207 1918 1232 sancto
1932 1206 2050 1239 synodo.
2067 1205 2116 1239 qui

466 1261 586 1295 scriptus
595 1261 677 1286 estin
689 1259 786 1290 Greco,
795 1259 901 1285 scilicet
909 1259 1156 1293 Constantinopoli
1167 1259 1220 1285 sub
1229 1259 1337 1286 iuniore
1347 1258 1544 1290 Constantino,
1555 1268 1573 1284 a
1580 1258 1626 1284 CL
1634 1258 1765 1292 patribus
1774 1258 1834 1284 iure
1844 1258 1997 1284 damnatos
2007 1261 2037 1284 et
2045 1267 2113 1285 ana-

465 1315 667 1340 thematizatos
678 1312 812 1340 Arrianos
823 1313 946 1338 colentes
957 1312 1145 1343 tritheoteias,
1155 1312 1185 1338 id
1195 1316 1239 1338 est
1249 1316 1307 1338 tres
1317 1312 1447 1338 deitates.
1467 1311 1506 1338 Et
1515 1315 1613 1338 tamen
1623 1312 1653 1337 in
1662 1312 1725 1345 ipso
1737 1314 1942 1344 consequenter
1952 1312 2114 1337 continetur

464 1367 618 1397 volumine,
634 1367 663 1391 in
679 1366 772 1391 edicto
789 1366 895 1392 seilicet
905 1365 1095 1396 Constantini,
1110 1365 1377 1399 conglorificandam
1388 1365 1493 1392 trinam
1503 1365 1652 1395 deitatem,
1663 1373 1714 1391 nec
1725 1364 1792 1391 addi
1803 1368 1900 1391 tamen
1911 1364 1966 1390 illic
1977 1373 2048 1398 opus
2058 1364 2114 1390 fuit

465 1429 562 1450 unam,
572 1420 638 1453 quia
648 1419 763 1449 scilicet,
771 1419 840 1445 dum
851 1419 904 1444 sub
914 1427 1033 1444 numero
1043 1419 1178 1452 singulari
1188 1418 1292 1444 dicitur
1302 1418 1394 1444 deitas
1404 1419 1489 1449 trina,
1497 1418 1564 1444 licet
1573 1427 1630 1444 non
1639 1419 1677 1444 sit
1684 1417 1772 1448 dicta,
1781 1417 2010 1451 subintellegitur
2017 1420 2114 1444 tamen

465 1473 548 1499 simul
558 1473 569 1487 ‘²
578 1478 607 1498 et
616 1473 628 1487 ⁰
636 1481 702 1498 una.
716 1472 761 1498 Sic
771 1472 847 1498 enim
857 1472 935 1498 dicta
945 1476 989 1498 est
999 1481 1016 1498 a
1028 1472 1164 1505 Prospero
1174 1472 1250 1499 trina
1261 1472 1404 1502 maiestas,
1415 1481 1432 1497 a
1443 1471 1599 1498 Prudentio
1609 1472 1685 1497 trina
1695 1471 1796 1504 pietas,
1808 1470 1845 1496 ab
1855 1470 1975 1497 Aratore
1986 1470 2029 1496 bis
2039 1471 2115 1497 trina

465 1529 607 1560 potestas;
622 1527 661 1552 sic
675 1528 704 1551 et
715 1535 731 1551 a
744 1525 840 1551 Grecis
854 1526 1013 1559 trisagium,
1024 1534 1041 1551 a
1052 1525 1162 1551 Latinis
1176 1528 1274 1551 autem
1288 1525 1358 1551 satis
1368 1525 1489 1559 proprie,
1500 1525 1666 1558 regulariter
1676 1527 1763 1557 atque
1775 1524 1913 1551 catholice
1924 1523 2029 1551 dicitur
2039 1525 2115 1551 trina

466 1580 612 1605 sanctitas.
629 1579 669 1604 Ac
683 1587 733 1612 per
747 1579 810 1609 hoc,
825 1579 899 1604 sicut
913 1578 950 1604 ab
966 1579 1007 1604 eis
1024 1578 1241 1605 catholicissime
1257 1578 1362 1605 dicitur
1378 1578 1552 1608 tritheoteia,
1570 1578 1609 1604 sic
1626 1580 1656 1604 et
1672 1587 1689 1604 a
1705 1577 1788 1603 nobis
1805 1577 2024 1604 catholicissime
2040 1577 2117 1603 trina

465 1633 567 1663 deitas,
584 1641 648 1658 cum
664 1635 761 1658 tamen
777 1635 807 1657 et
822 1631 862 1657 illi
877 1634 907 1657 et
923 1631 1019 1658 Latini
1035 1640 1172 1658 consensu
1188 1632 1250 1665 pari
1266 1631 1476 1662 damnaverint,
1492 1631 1631 1657 damnent
1638 1631 1661 1662 ¹¹,
1677 1630 1988 1657 anathematizaverint
2003 1633 2033 1656 et
2048 1639 2114 1657 ana-

466 1686 654 1711 thematizent
673 1685 816 1715 Arrianos,
838 1685 886 1718 qui
906 1685 1004 1711 colunt
1023 1689 1080 1711 tres
1100 1685 1273 1715 maiestates,
1294 1688 1351 1712 tres
1371 1685 1502 1718 pietates,
1522 1687 1580 1710 tres
1599 1687 1767 1718 potestates,
1787 1687 1845 1709 tres
1864 1683 1932 1709 deos
1951 1686 2038 1717 atque
2058 1687 2115 1710 tres

466 1738 597 1764 deitates.
617 1738 732 1764 Necnon
751 1739 839 1764 etiam
857 1738 995 1769 similiter,
1014 1739 1037 1764 si
1055 1747 1112 1764 non
1131 1738 1222 1764 multo
1240 1738 1372 1771 ampliuS,
1392 1740 1504 1764 constat
1522 1740 1552 1763 et
1570 1737 1657 1763 claret
1675 1738 1728 1763 rite
1746 1737 1899 1763 damnatos
1924 1739 2010 1770 atque
2035 1737 2115 1763 dam-

466 1791 576 1818 nandos
592 1791 766 1817 Sabellianos
779 1791 949 1825 eosdemque
964 1791 1201 1825 Patripassianos,
1217 1792 1264 1824 qui
1279 1791 1376 1817 colunt
1389 1790 1545 1817 secundum
1559 1790 1707 1817 Iudaicam
1721 1792 1923 1824 paupertatem
1936 1790 2115 1823 singulariter

467 1845 624 1870 solitariam
645 1849 674 1870 et
694 1845 879 1878 personaliter
899 1853 987 1871 unam
1010 1845 1199 1875 maiestatem,
1221 1845 1369 1878 pietatem,
1390 1847 1575 1878 potestatem,
1597 1845 1791 1874 sanctitatem,
1813 1843 1961 1869 deitatem.
1984 1843 2115 1877 Namque

467 1898 536 1923 dum
554 1898 629 1923 solus
647 1901 728 1931 pater
744 1899 783 1924 sic
807 1903 851 1923 est
869 1898 955 1928 Deus,
974 1902 1007 1923 ut
1024 1906 1081 1924 non
1099 1898 1141 1923 sit
1153 1906 1188 1923 ex
1206 1897 1276 1928 Deo,
1295 1897 1343 1923 sed
1361 1898 1490 1931 genuerit
1507 1897 1611 1927 Deum,
1628 1901 1658 1922 et
1675 1897 1750 1922 solus
1768 1896 1842 1922 filius
1859 1897 1898 1922 sic
1915 1898 1959 1922 est
1977 1896 2063 1927 Deus,
2081 1900 2114 1922 ut

467 1951 579 1984 genitus
592 1951 629 1976 sit
643 1960 659 1977 a
673 1951 743 1981 Deo,
757 1954 787 1976 et
800 1951 875 1976 solus
889 1952 1006 1984 spiritus
1019 1954 1135 1977 sanctus
1148 1951 1187 1977 sic
1200 1954 1244 1976 est
1257 1950 1343 1981 Deus,
1357 1953 1391 1975 ut
1404 1950 1540 1984 procedat
1553 1958 1588 1976 ex
1601 1950 1728 1983 ingenito
1741 1949 1826 1976 simul
1839 1952 1868 1975 et
1881 1957 1917 1975 ex
1930 1950 2026 1982 genito
2039 1949 2112 1975 Deo:

467 2007 549 2037 patet
565 2012 687 2037 prorsus,
705 2004 781 2037 quod
798 2004 968 2030 naturaliter
983 2013 1057 2029 unus
1073 2007 1103 2029 et
1119 2003 1304 2038 personaliter
1320 2004 1412 2029 trinus
1428 2006 1472 2029 est
1489 2003 1574 2029 Deus.
1593 2003 1667 2029 Item
1684 2002 1754 2029 dnm
1771 2003 1848 2028 Deus
1864 2006 1946 2036 pater
1962 2002 2054 2028 deitas
2070 2005 2115 2028 est

467 2057 602 2089 ingenita,
618 2056 791 2083 innascibilis
813 2060 843 2082 et
864 2058 964 2083 innata
980 2060 1010 2083 et
1026 2057 1103 2083 Deus
1119 2056 1192 2083 filius
1208 2056 1299 2083 deitas
1315 2057 1419 2090 genita,
1436 2056 1579 2082 nascibilis
1595 2058 1625 2082 et
1640 2059 1709 2082 nata
1725 2059 1755 2081 et
1770 2056 1848 2082 Deus
1864 2055 1981 2089 spiritus
1997 2058 2113 2082 sanctus

467 2109 560 2135 deitas
576 2112 619 2134 est
635 2118 685 2135 nec
702 2111 836 2142 ingenita,
854 2110 1027 2136 innascibilis
1043 2113 1073 2136 et
1088 2111 1189 2136 innata
1205 2118 1296 2144 neque
1313 2110 1418 2143 genita,
1435 2109 1578 2135 nascibilis
1594 2112 1624 2135 et
1639 2112 1718 2139 nata,
1736 2108 1785 2134 sed
1801 2108 1956 2142 procedens
1972 2117 1989 2134 a
2005 2108 2113 2135 deitate

468 2163 603 2195 ingenita,
620 2162 778 2188 innascibili
794 2166 824 2188 et
840 2164 940 2189 innata
955 2166 985 2189 et
1001 2172 1018 2190 a
1034 2163 1141 2189 deitate
1158 2164 1262 2197 genita,
1280 2163 1408 2189 nascibili
1425 2165 1455 2188 et
1470 2165 1552 2188 nata:
1571 2162 1658 2189 claret
1675 2162 1799 2192 omnino,
1818 2161 1894 2195 quod
1911 2162 1975 2195 agia
1987 2162 2066 2192 trias,
2083 2161 2111 2187 id

467 2218 511 2240 est
531 2218 631 2241 sancta
651 2215 773 2246 trinitas,
795 2217 868 2241 sicut
888 2225 946 2242 una
966 2216 1154 2242 essentialiter
1173 2219 1261 2250 atque
1282 2216 1459 2246 naturaliter,
1481 2216 1520 2242 sic
1540 2215 1638 2249 procul
1658 2214 1746 2241 dubio
1767 2218 1811 2240 est
1831 2214 2016 2249 personaliter
2037 2215 2112 2240 trina

467 2268 567 2294 deitas.
591 2267 679 2294 Sicuti
699 2268 805 2294 scilicet
824 2270 966 2300 maiestas,
986 2270 1078 2304 pietas
1097 2272 1127 2295 et
1146 2272 1274 2303 potestas
1293 2269 1330 2295 ob
1349 2269 1379 2294 id
1397 2277 1511 2303 prorsus
1530 2271 1574 2294 est
1593 2277 1650 2294 una
1670 2267 1754 2294 simul
1772 2270 1802 2293 et
1821 2269 1906 2298 trina,
1928 2268 1994 2301 quia
2014 2276 2112 2294 revera

467 2329 654 2354 unaquaeque
678 2329 797 2354 persona
820 2330 869 2355 per
892 2331 920 2347 se
944 2325 987 2348 est
1010 2325 1138 2356 potestas
1162 2323 1263 2356 prima,
1288 2323 1362 2348 sicut
1385 2321 1532 2348 evidenter
1555 2321 1590 2347 de
1607 2321 1668 2347 Deo
1685 2321 1737 2347 Dei
1761 2320 1819 2347 filio
1842 2320 1947 2347 dicitur
1969 2321 1999 2346 in
2017 2320 2110 2347 Micha

468 2373 619 2407 propheta:
643 2370 695 2399 ‘Et
718 2377 759 2405 tu,
784 2375 869 2400 turris
893 2375 1028 2401 nebulosa
1052 2375 1125 2401 filiae
1143 2376 1330 2406 Hierusalem,
1354 2375 1390 2401 ad
1416 2378 1444 2400 te
1466 2374 1576 2400 veniete
1591 2377 1620 2400 et
1643 2382 1732 2407 usque
1757 2374 1794 2400 ad
1818 2377 1847 2399 te
1864 2374 1960 2400 veniet
1984 2376 2111 2407 potestas

467 2423 579 2460 prima'.

560 2479 633 2511 Ergo
650 2479 715 2512 quia
732 2488 788 2504 non
803 2483 847 2505 est
863 2484 943 2513 pater
960 2482 1048 2507 maior
1064 2481 1121 2507 filio
1137 2489 1228 2515 neque
1245 2481 1318 2507 filius
1335 2481 1424 2507 maior
1439 2481 1541 2514 spiritu
1557 2483 1665 2511 sancto,
1683 2479 1730 2506 sed
1748 2480 1862 2506 omnino
1879 2482 1958 2506 totae
1974 2483 2032 2505 tres
2047 2488 2108 2513 per·

468 2540 552 2557 sonae
569 2532 622 2557 sibi
639 2535 706 2557 sunt
722 2533 843 2558 invicem
860 2534 1024 2566 coaequales
1040 2537 1070 2560 et
1086 2538 1260 2565 coaeternae,
1278 2537 1429 2568 propterea
1445 2533 1572 2568 profecto
1590 2533 1666 2559 Deus
1683 2533 1797 2558 trinitas
1813 2536 1941 2566 potestas
1957 2536 2001 2558 est
2017 2533 2109 2566 prima

468 2594 500 2611 ac
516 2593 564 2618 per
579 2584 631 2610 hoc
646 2593 702 2610 non
718 2585 872 2611 secundum
888 2585 1029 2617 Arrianos,
1049 2587 1123 2620 quod
1139 2587 1224 2618 absit,
1246 2590 1304 2613 tres
1318 2590 1477 2621 potestates
1490 2595 1542 2613 nec
1557 2586 1713 2612 secundum
1731 2585 1914 2616 sabellianos,
1931 2585 2007 2619 quod
2022 2585 2108 2616 absit,

468 2640 595 2671 potestas
618 2638 801 2671 personaliter
819 2641 862 2663 est
882 2647 948 2668 una,
967 2639 1015 2664 sed
1035 2640 1190 2666 sec-undum
1209 2640 1363 2666 catholicos
1382 2643 1510 2674 potestas
1527 2642 1571 2666 est
1589 2633 1772 2665 naturaliterf
1788 2633 1859 2665 unas
1875 2643 1906 2664 et
1923 2638 2108 2672 personaliter

552 2757 660 2787 ³)Fc71lt
675 2758 751 2782 Sirm.
837 2757 860 2787 b)
884 2760 898 2781 11
920 2760 1021 2782 ansrad.
1046 2760 1076 2783 B.
1162 2764 1184 2790 c)
1210 2757 1272 2784 Uber
1296 2762 1340 2784 clm]
1366 2761 1440 2785 Hand
1459 2760 1550 2791 yeschr.
1572 2761 1625 2784 ¹und
1644 2759 1813 2783 anscheinend
1834 2759 1963 2790 nachqetr„
1985 2759 2041 2782 aber
2065 2766 2109 2782 ron

468 2802 569 2831 «starker
589 2802 667 2826 Hand
687 2802 717 2826 B.
803 2801 828 2832 d)
847 2806 871 2825 ct
893 2803 1017 2826 damnent
1036 2804 1112 2827 Sim.
1199 2807 1221 2834 e)
1241 2806 1346 2828 venient
1368 2805 1397 2829 B.
1491 2803 1510 2835 1’)
1530 2812 1582 2828 una
1601 2804 1753 2828 naturaliter
1773 2804 1849 2828 Sirm.

2144 521 2158 541 5

2142 1052 2169 1072 15

2139 1317 2166 1337 20

2141 1583 2168 1603 25

2139 1849 2168 1870 30

2137 2114 2164 2136 35

2137 2380 2165 2400 40
2210 2387 2213 2389 ’

2135 2644 2162 2665 45
