2220 3192
327 319 399 347 ⁸67.

209 1184 256 1206 vm.
267 1186 283 1202 ι.
292 1184 340 1202 our.
351 1185 383 1207 13,
392 1184 411 1203 7.

428 225 489 253 214
996 223 1179 249 HINKMAR
1200 223 1277 249 VON
1298 223 1418 249 REIMS
1440 224 1499 250 198.

423 315 654 349 destituerunt,
677 312 728 343 vel
752 323 817 343 non
838 323 857 342 a
883 312 1000 342 minori
1024 312 1179 342 numero1
1202 323 1266 343 una
1286 322 1363 343 cum
1387 323 1457 343 meo
1478 323 1638 343 consensu
1660 322 1713 341 eos
1734 311 1863 342 restitui
1886 313 2066 353 peroptavi.

423 368 468 399 Et
483 371 651 409 propterea
667 366 740 396 inde
760 376 859 406 usque
874 365 916 395 ad
931 365 1095 405 synodum
1109 365 1281 406 expectavi
1296 369 1329 396 et
1345 364 1473 406 plenius
1487 377 1506 396 a
1522 365 1594 395 sede
1609 363 1789 405 apostolica
1804 368 1912 395 vestra
1927 365 2067 396 auctori-

424 425 492 452 tate
508 419 701 450 firmandam
715 418 858 459 cupivi²‚
872 418 965 448 cuius
979 422 1097 447 arbitrio
1110 423 1261 455 potestatis
1274 425 1418 449 reservata
1430 422 1501 449 erat
1514 430 1627 448 summa
1639 428 1675 448 ac
1690 421 1812 447 firmitas
1826 417 2068 459 privilegiorum

424 477 594 511 apostolicae
611 476 693 506 sedis,
710 472 795 502 sicut
811 474 845 502 et
861 474 986 502 vestrae
1004 471 1159 512 epistolae
1178 471 1269 503 nobis
1286 472 1425 503 directae
1442 471 1635 502 continent³
1653 474 1687 501 et
1703 470 1737 501 in
1754 470 1892 511 epistola
1909 471 2066 512 synodali,

423 526 516 557 cuius
537 525 705 566 exemplar
726 524 895 561 habemus,
917 528 1048 556 sanctae
1069 525 1261 556 auctoritati
1281 529 1407 556 vestrae
1428 525 1550 555 directa
1570 524 1741 555 communi
1760 534 1920 555 consensu
1940 524 2066 566 scripsi·
2093 535 2104 552 5

425 590 495 610 mus
504 579 527 608 Φ.
559 578 598 609 In
617 589 682 619 qua
703 577 829 609 nullam
850 578 1051 609 mentionem
1070 578 1108 609 de
1127 589 1334 619 quacumque
1353 578 1475 609 Ebonis
1493 577 1695 619 depositione
1714 576 1923 609 habuimus⁵.
1955 576 2016 608 Sed
2034 581 2067 608 et

423 632 538 663 litteris
559 642 647 662 meae
664 631 855 672 exiguitatis
873 630 1014 672 simplici
1034 635 1142 662 mente
1167 632 1287 662 inserui
1312 632 1397 662 inter
1414 635 1521 662 cetera
1538 630 1685 661 dicensssz
1710 634 1782 664 Quia
1799 635 1909 667 synodo
1926 643 1976 668 per
1992 635 2068 661 hunc

423 688 611 715 venerabilem
628 689 871 722 archiepiscopum
888 688 1045 722 Egilonem,
1063 689 1110 722 qui
1126 689 1257 714 interfuit
1273 688 1442 718 actionibus,
1459 688 1598 721 dirigente
1614 687 1766 720 epistolam
1782 688 1910 713 omnium
1926 690 2066 716 nostrum.

423 743 470 776 qui
489 742 586 767 adesse
606 742 761 776 potuimuS,
782 750 847 768 cum
865 742 927 776 ipso
946 751 1015 768 voce
1033 742 1207 775 loquentem,
1223 742 1367 775 quoniam,
1383 742 1405 767 si
1425 742 1464 767 eis
1485 749 1602 767 manum
1622 741 1772 774 porrigitis,
1794 740 1942 767 vobiscum
1961 742 2068 775 pariter

421 796 603 830 porrigemus.
635 791 678 822 Et
698 791 780 822 item
802 795 876 833 post
895 791 1104 832 aliquanta⁷:
1132 795 1209 826 Quae
1230 795 1323 821 verbis
1343 799 1373 820 et
1393 795 1506 828 seriptis
1528 794 1596 820 mihi
1619 802 1668 827 per
1687 795 1775 819 istum
1797 794 1957 828 religiosum
1978 794 2066 820 archi·
2093 800 2118 817 10

421 850 584 883 episcopum
605 849 707 874 exinde
728 849 873 882 sequenda
894 851 981 882 atque
1002 849 1125 874 tenenda
1147 849 1360 878 mandaveritis,
1383 857 1433 881 pro
1454 848 1523 873 scire
1544 851 1574 873 et
1595 855 1676 881 posse
1697 847 1830 873 oboedire
1851 850 1880 873 et
1901 855 2067 874 conservare

421 902 533 928 curabo.
572 902 680 935 Quam
700 898 874 939 epistolam
894 898 1023 934 idcirco,
1048 901 1085 929 ut
1104 898 1261 929 veraciter
1280 897 1371 929 vobis
1390 897 1557 933 confitear,
1578 895 1755 937 sigillatam
1777 896 1864 927 non³
1886 897 1969 934 misi,
1989 897 2066 938 quia

421 952 564 993 synodus
581 951 756 993 epistolam
774 963 793 983 a
812 963 844 982 se
862 951 1044 983 directam⁹
1063 962 1128 982 non
1147 951 1311 992 sigillavit,
1330 951 1452 981 ducens
1471 951 1700 990 incongruum,
1722 954 1770 986 ut,
1789 950 1947 991 quoniam
1965 950 2066 981 archi-

422 1005 593 1046 episcopus
610 1005 648 1035 de
666 1005 737 1046 ipsa
755 1005 889 1046 synodo,
904 1005 961 1046 qui
979 1004 1084 1036 eidem
1098 1004 1214 1035 vestris
1231 1005 1272 1035 ad
1289 1015 1362 1035 eam
1376 1007 1512 1035 vocatus
1530 1003 1717 1044 apostolicis
1735 1002 1853 1035 litteris
1870 1003 2065 1039 interfuit¹⁰‚

421 1059 462 1089 ad
478 1069 536 1089 vos
554 1058 758 1094 mittebatur,
774 1058 869 1100 quasi
887 1057 1053 1089 incredulo
1072 1057 1210 1099 epistola
1230 1057 1372 1098 sigillata
1390 1058 1663 1093 committeretur,
1684 1059 1718 1087 et
1738 1057 1826 1097 quod
1840 1057 1983 1097 synodus
2001 1067 2066 1088 non
2094 1065 2119 1083 15

419 1112 484 1153 egit
508 1122 564 1152 ego
588 1122 690 1152 agere,
714 1123 752 1142 ne
776 1112 974 1142 scandalumll
998 1111 1154 1152 cuiquam
1177 1113 1357 1148 generarem.
1383 1118 1467 1141 nona
1489 1110 1703 1151 praesumpsi.

515 1173 680 1205 Sanctitas
705 1173 804 1214 igitur
827 1177 935 1204 vestra
958 1173 1106 1209 caritate,
1130 1184 1214 1213 quae
1238 1173 1349 1204 omnia
1373 1173 1485 1207 credit,
1511 1171 1634 1213 repleta
1658 1172 1816 1202 veraciter
1842 1171 1920 1202 mihi
1945 1171 2065 1208 credat,

420 1227 497 1268 quia
508 1226 700 1268 simpliciter
710 1230 743 1258 et
752 1227 873 1268 absque
886 1226 950 1258 ullo
960 1225 1033 1257 dolo
1048 1227 1083 1257 in
1094 1226 1301 1257 restitutione
1313 1226 1555 1267 praedictorum
1566 1226 1718 1262 fratrum,
1735 1228 1912 1266 postquam
1922 1228 2066 1256 vestram

419 1281 667 1322 dispositionem
690 1280 764 1311 inde
787 1280 911 1317 rescivi,
935 1291 976 1311 ex
998 1279 1148 1311 benivola
1173 1283 1281 1310 mente
1303 1280 1451 1310 consensi
1474 1283 1508 1310 et
1537 1278 1730 1320 simpliciter
1752 1289 1788 1310 ac
1812 1279 1881 1309 sine
1905 1277 1970 1310 ullo
1992 1277 2065 1310 dolo

419 1334 543 1375 scripsi,
557 1345 641 1375 quae
654 1337 779 1364 vestrae
794 1333 964 1365 sanctitati
978 1333 1160 1369 transmisi3
1175 1344 1193 1363 a
1206 1343 1271 1373 quo
1285 1343 1446 1363 consensu
1462 1333 1557 1363 modo
1570 1331 1718 1373 quolibet
1732 1334 1844 1373 postea
1858 1342 1924 1362 non
1937 1331 2063 1365 diverti,
2090 1340 2116 1357 20

420 1387 481 1418 nisi
502 1386 605 1418 veluti
627 1387 661 1417 in
684 1387 838 1428 praefatis
860 1386 978 1418 litteris
998 1386 1090 1417 vobis
1112 1386 1225 1427 scripsi
1244 1385 1400 1416 dicens12:
1422 1391 1579 1416 Reservato
1599 1398 1649 1423 per
1663 1389 1760 1415 omnia
1775 1389 1934 1414 sententiae
1949 1398 1982 1414 ac
1997 1389 2065 1414 iuris

419 1444 564 1478 privilegio
585 1444 757 1478 apostolicae
778 1444 851 1470 sedis
871 1446 901 1469 et
921 1443 1001 1470 salva
1015 1442 1186 1469 diffinitione
1200 1452 1233 1469 ac
1247 1443 1461 1469 confirmatione
1475 1445 1644 1477 expectatae
1660 1444 1771 1468 vestrae
1785 1442 1962 1468 discretionis
1977 1444 2064 1475 atque

418 1498 606 1524 auctoritatis.
636 1494 731 1525 Nunc
746 1497 859 1525 autem
874 1497 1026 1534 suscepta
1041 1493 1237 1524 diffinitione
1256 1493 1295 1523 de
1314 1492 1446 1524 illorum
1465 1492 1683 1529 restitutione,
1703 1503 1806 1533 quam
1825 1491 1972 1526 vestram,
1991 1495 2066 1521 sicut

418 1551 514 1577 decuit
531 1554 560 1577 et
577 1551 646 1577 ordo
665 1551 803 1585 poposcit,
821 1557 952 1578 summa
970 1551 1126 1576 auctoritas
1144 1550 1296 1583 praecessit
1320 1550 1353 1577 et
1377 1550 1584 1583 subsequente
1603 1544 1751 1586 synodali
1768 1555 1928 1576 consensu
1946 1550 2065 1574 vestrae

419 1604 580 1638 perfectiob
600 1604 768 1631 firmationis
793 1600 1023 1636 corroboravit,
1047 1599 1263 1640 numquam¹4
1290 1599 1341 1630 vel
1368 1610 1533 1640 nusquam
1560 1599 1676 1630 exinde
1703 1609 1947 1639 quamcumque
1975 1602 2065 1635 queri-
2089 1605 2116 1623 25

419 1658 543 1684 moniam
564 1661 664 1684 contra
682 1664 925 1695 quemcumque
947 1652 1062 1684 molior
1081 1652 1132 1684 vel
1152 1653 1300 1694 dispono,
1322 1652 1457 1683 intendo
1477 1652 1529 1684 vel
1548 1652 1646 1694 cupio
1666 1651 1793 1689 habere,
1814 1662 1989 1688 removere,
2009 1662 2063 1682 ex-

417 1707 533 1738 citaress
552 1707 618 1738 sive
637 1718 811 1738 conserere.
840 1707 906 1738 Nec
923 1706 1102 1738 meditatus
1121 1713 1211 1736 sumc
1227 1705 1344 1737 litteris
1365 1717 1421 1747 pro
1440 1706 1500 1736 hoc
1514 1709 1640 1737 vestrae
1659 1705 1905 1745 benignitatis¹⁵
1923 1704 2064 1746 acceptis

417 1771 436 1791 a
451 1771 611 1791 consensu
626 1760 660 1791 in
675 1761 799 1802 synodo
814 1763 928 1791 contra
944 1760 1047 1801 ipsius
1062 1759 1297 1790 diffinitionem
1312 1762 1346 1789 et
1361 1763 1505 1790 vestram
1520 1759 1807 1790 confirmationem
1821 1757 1946 1799 aliquid
1960 1768 2063 1789 remo-

417 1824 490 1845 vere
512 1825 554 1844 ex
575 1818 655 1844 tunc
678 1813 713 1844 in
736 1814 950 1855 postmodum
974 1823 1074 1853 usque
1097 1813 1131 1843 in
1153 1812 1403 1853 sempiternum.
1444 1812 1527 1850 Quia
1549 1812 1639 1843 enim
1662 1811 1752 1843 nullo
1774 1811 1910 1842 crimine
1933 1811 2063 1852 proprio

417 1867 565 1898 denotati
587 1867 765 1898 nescientes
784 1866 933 1898 Ebonem
952 1866 1175 1907 dampnatum
1197 1876 1262 1896 non
1282 1865 1472 1907 importune
1492 1866 1534 1896 ad
1554 1865 1807 1901 ordinationem,
1828 1865 1914 1895 sicut
1934 1864 1997 1906 ipsi
2016 1864 2063 1895 di·
2086 1870 2114 1888 ³0

417 1924 499 1951 cunt
509 1940 553 1943 —
565 1924 599 1950 et
614 1931 679 1951 non
694 1924 744 1951 est
757 1920 814 1961 qui
828 1919 1033 1950 contradicat
1044 1938 1097 1955 ——‚
1113 1921 1145 1949 se
1161 1919 1375 1959 ingesserunt,
1392 1919 1446 1949 sed
1461 1917 1555 1950 electi
1570 1922 1603 1950 et
1616 1918 1724 1950 vocati
1739 1918 1963 1955 oboedierunt,
1979 1918 2064 1948 sicut

417 1974 598 2005 secundum
615 1973 843 2004 excellentiam
858 1973 1037 2014 sapientiae
1052 1976 1178 2003 vestrae
1193 1972 1313 2003 domno
1331 1971 1395 2012 regi
1416 1971 1537 2003 Karolo
1555 1972 1774 2013 scripsistisw,
1786 1972 1812 2002 si
1830 1970 1955 2002 nollent
1971 1970 2063 2002 oboe-

416 2027 483 2058 dire
498 2030 611 2057 volenti
630 2039 677 2057 eos
697 2031 733 2057 ad
755 2027 910 2058 maiorem
929 2027 1067 2067 gradum
1086 2029 1277 2063 provehere,
1298 2036 1412 2056 omnes
1431 2024 1479 2056 illi
1498 2024 1601 2056 veluti
1623 2025 1801 2066 procaciter
1820 2024 1998 2055 renitentes
2017 2035 2062 2054 re-

500 2163 524 2190 τι)
545 2157 700 2191 ὓόετρεθσῖιτ.
719 2162 749 2185 Β.
835 2159 859 2191 b)
878 2161 988 2191 perfecie
1008 2160 1038 2183 Β.
1120 2162 1144 2189 c)
1163 2161 1350 2183 -citare—sum
1365 2159 1411 2189 au!
1430 2159 1490 2182 Ras.
1511 2158 1540 2181 B.

512 2251 536 2280 l)
555 2249 608 2281 Vql.
632 2249 730 2274 Konsil
747 2257 798 2274 von.
815 2248 953 2281 Kmthaqo
969 2257 989 2273 c.
1004 2248 1046 2277 15,
1065 2247 1156 2273 Codex
1171 2255 1306 2272 canonum
1325 2246 1426 2279 (1609)
1445 2246 1473 2271 S.
1488 2246 1552 2271 191:
1579 2245 1652 2271 Sane
1668 2246 1691 2270 si
1719 2254 1753 2270 ex
1777 2253 1913 2270 consensu
1936 2246 2060 2278 partium
2084 2249 2112 2268 35

418 2293 498 2319 electi
515 2293 620 2318 fuerint
637 2293 750 2322 iudices.
768 2293 854 2319 etiam
873 2302 889 2318 a
908 2292 1063 2325 pauciori
1081 2300 1232 2319 numerO.
1252 2299 1338 2324 quam
1357 2291 1544 2316 constitutum
1571 2292 1623 2319 est,
1650 2298 1714 2314 non
1737 2289 1841 2315 liceat
1866 2289 2058 2322 provocari;

419 2337 570 2362 Hinschius
591 2338 619 2362 S.
633 2338 686 2362 :298
707 2346 727 2361 c.
743 2338 784 2362 10.
902 2337 929 2368 2)
950 2336 1006 2368 Vql.
1025 2335 1091 2361 oben
1108 2335 1157 2360 Nr.
1174 2335 1225 2361 185
1242 2335 1270 2360 S.
1288 2335 1340 2360 188
1360 2335 1391 2360 Ζ.
1406 2334 1477 2368 24ff.
1609 2334 1637 2365 3)
1656 2333 1719 2358 MG.
1741 2333 1829 2366 Epist.
1848 2333 1896 2361 VI,
1911 2333 1963 2358 406
1983 2333 2013 2358 Z.
2026 2333 2062 2358 22

418 2381 468 2406 ΝΥ.
484 2382 516 2406 74
532 2381 623 2413 (.Ι.-Ε.
637 2381 733 2413 2302).
846 2383 874 2412 4)
896 2380 994 2406 Man-si.
1012 2379 1071 2409 XV,
1085 2376 1144 2405 729.
1273 2381 1300 2411 5)
1318 2379 1373 2412 Vql.
1400 2379 1464 2404 ΜΟ.
1489 2378 1578 2411 Epist.
1594 2378 1642 2406 VI,
1659 2377 1710 2402 429
1726 2377 1782 2402 und
1798 2378 1831 2402 A.
1846 2377 1870 2402 1.
1983 2378 2010 2409 6)
2030 2377 2059 2402 S.

417 2425 481 2450 oben
498 2425 547 2450 Nr.
562 2425 613 2450 185
629 2426 657 2450 S.
672 2425 724 2450 188
738 2425 767 2449 Z.
781 2425 816 2450 27
824 2425 852 2458 ff.
966 2426 993 2456 7)
1013 2424 1041 2449 S.
1054 2424 1119 2449 oben
1129 2424 1157 2449 S.
1172 2423 1224 2449 189
1238 2423 1267 2448 Ζ.
1282 2423 1335 2456 Iff.
1448 2424 1475 2454 8)
1493 2422 1548 2455 Vql.
1568 2421 1644 2454 Bria!
1661 2421 1804 2447 Nikolaus'
1823 2421 1848 2446 J.
1869 2421 1919 2446 Nr.
1933 2421 1976 2449 80,
1995 2421 2058 2446 MG.

418 2469 505 2502 Epist.
522 2469 569 2495 VI.
588 2469 639 2494 429
650 2469 680 2494 Ζ.
694 2469 742 2494 31:
759 2478 809 2494 nee
822 2478 884 2494 eam
898 2468 986 2501 sigillo
1003 2471 1053 2494 tuo
1070 2468 1225 2493 secundum
1243 2476 1349 2493 morem
1366 2468 1476 2500 signare
1493 2466 1642 2492 studueris.
1740 2466 1769 2497 9)
1790 2465 1888 2491 Mansi
1902 2465 1960 2493 XV.
1976 2465 2061 2498 728ff.
2093 2471 2115 2488 ιο

421 2514 463 2545 10)
485 2513 563 2545 Eqilo
576 2522 626 2538 rou.
639 2513 715 2538 Sene.
832 2514 875 2545 ll)
893 2512 948 2545 Vql.
964 2512 1016 2537 Leo
1030 2512 1054 2538 Ι.
1068 2520 1105 2537 (ιιι
1119 2512 1266 2537 Anatolius
1279 2520 1330 2537 von
1342 2510 1582 2544 Konstantinopel,
1594 2509 1749 2535 Hinschias
1762 2509 1790 2535 S.
1804 2510 1857 2534 580
1870 2509 1966 2541 (J.-K.
1981 2509 2059 2541 509).

420 2559 464 2588 12)
483 2557 554 2582 Oben
577 2557 692 2582 N1·.185
714 2557 743 2582 S.
758 2557 809 2582 188
830 2557 860 2582 Ζ.
874 2556 944 2590 24ᾒ.
1060 2556 1103 2587 13)
1127 2556 1181 2588 Vql.
1208 2556 1251 2581 die
1276 2556 1365 2588 Briese
1389 2555 1533 2581 Nikolaus'
1557 2554 1581 2580 I.
1606 2554 1655 2580 Nr.
1677 2554 1719 2584 79,
1743 2554 1807 2579 MG.
1832 2553 1920 2587 Epist.
1941 2553 1990 2583 VI,
2009 2554 2062 2579 420

420 2602 511 2634 (J.-E'.
525 2602 628 2633 :2822ss
650 2601 699 2627 Nr.
713 2602 756 2631 80,
778 2601 865 2634 Epist.
884 2601 933 2629 VI,
948 2601 1001 2626 430
1023 2600 1115 2633 (J.-E.
1128 2600 1232 2632 2823),·
1253 2600 1303 2625 Nr.
1317 2600 1361 2630 81,
1382 2600 1470 2633 Epist.
1489 2599 1538 2629 VJ,
1552 2598 1604 2624 432
1627 2598 1719 2631 (J.-E.
1733 2598 1832 2630 2325).
1943 2599 1987 2629 14)
2004 2597 2059 2630 qu.

417 2646 514 2671 ebemla
544 2646 594 2671 Nr.
617 2646 658 2673 79,
688 2645 775 2678 Epist.
800 2645 848 2672 VJ.
878 2645 970 2677 420s.,-
999 2644 1048 2669 Nr.
1070 2645 1113 2674 80,
1143 2644 1230 2678 Epist.
1248 2644 1296 2674 VI,
1317 2644 1377 2670 430.
1493 2644 1535 2674 15)
1562 2642 1626 2668 MG.
1656 2642 1744 2675 Epist.
1772 2642 1820 2672 VI,
1841 2641 1927 2675 4225.
1957 2641 2007 2667 Nr.
2027 2642 2061 2667 80

420 2690 512 2722 (J.-E.
533 2690 629 2722 2323).
745 2691 788 2721 16)
809 2689 845 2715 In
868 2689 919 2714 den
944 2689 1054 2721 Briesen.
1076 2697 1113 2713 (ιη
1137 2689 1207 2714 Karl
1229 2688 1280 2713 <len
1304 2688 1412 2714 Kahlen
1436 2687 1485 2713 Nr.
1501 2688 1535 2712 73
1554 2686 1739 2719 (Fraqment),
1759 2687 1800 2713 77.
1821 2686 1862 2713 78.
1888 2685 1952 2711 ΜΘ.
1971 2685 2058 2719 Epist.
2083 2690 2112 2709 451

415 2735 462 2764 VI,
484 2734 580 2767 welf,
608 2734 695 2766 411j.‚
718 2733 804 2767 412ff.
833 2733 925 2765 (J.-E.
949 2733 1053 2762 28050,
1075 2733 1155 2763 2811,
1177 2732 1264 2765 2324)
1290 2732 1363 2758 nicht
1388 2731 1530 2757 enthalten.
1554 2731 1633 2757 Auch.
1654 2731 1704 2756 das
1729 2729 1990 2764 Synodalschreiben
2011 2738 2058 2754 von

417 2779 544 2804 Soissons
564 2778 625 2806 366,
648 2778 745 2803 iMansi
767 2777 825 2808 XV,
846 2777 905 2805 729,
926 2777 999 2809 lithr!
1020 2777 1077 2802 cine
1099 2777 1170 2802 nicht
1191 2777 1386 2802 nachweisbarc
1408 2775 1485 2801 stelle
1512 2784 1564 2800 aas
1590 2775 1677 2800 cirtem
1697 2775 1840 2800 Schreiben
1866 2773 2010 2799 Nikolaus‘
2033 2774 2055 2798 I.

417 2832 453 2847 an
470 2822 539 2847 Kar]
553 2831 597 2847 [ιη.
