2272 3197
324 271 496 301 849—850.

363 384 426 403 Rorn-
442 386 460 407 1,
473 385 508 403 εκ.

359 648 425 666 Rom.
440 649 457 669 1,
469 648 503 665 2⁸.

361 1267 410 1292 ναι.
426 1268 501 1288 Exod.

359 1296 380 1319 4,
392 1295 432 1319 εις
449 1296 468 1319 7,
481 1296 501 1314 ³

361 1334 408 1354 Ioh.
422 1335 457 1358 13,
469 1336 479 1354 2
485 1335 504 1354 7.

305 1493 353 1517 vgl.
365 1494 457 1517 Ioh.13‚
467 1495 501 1514 27.

353 1706 405 1726 Luc.
418 1707 453 1731 22,
464 1708 499 1727 48.

325 1759 406 1780 Ezech.
420 1761 455 1784 18,
466 1761 502 1781 32.

303 1812 500 1836 vg1.i.Tim.·2.-r.

1091 176 1277 202 HINKMAR
1298 175 1373 201 VON
1396 174 1516 200 REIMS
1538 175 1580 200 37.

526 180 564 207 22

521 269 616 301 beato
636 269 806 310 Fulgentio
822 267 1014 308 conscriptis
1029 266 1062 296 in
1077 276 1114 296 eo
1130 264 1209 301 1000,
1229 263 1284 294 ubi
1299 263 1427 294 dictum
1446 263 1528 293 estlz
1553 266 1630 296 Quos
1647 267 1721 292 iuste
1740 268 1924 300 praeparavit
1935 283 1978 286 -—
1991 264 2073 305 quin
2082 265 2170 295 Deus

522 333 581 354 sua
593 321 803 364 praescientia
813 340 855 342 —
865 323 902 350 ad
916 322 1020 348 luenda
1032 320 1182 354 supplicia,
1201 328 1253 346 neo
1268 316 1366 345 tamen
1380 319 1607 353 praedestinavit
1620 318 1657 345 ad
1672 319 1803 346 facienda
1817 322 1945 353 peccata,
1956 316 2042 348 sicut
2050 317 2170 348 dicitur

522 375 563 407 ab
583 374 747 416 apostolo:
766 372 927 404 ‘Tradidit
947 371 1018 401 illos
1037 370 1126 401 Deus
1146 369 1180 400 in
1202 368 1379 410 reprobum
1400 368 1556 400 sensum'.
1586 368 1681 405 Quod
1700 368 1841 409 contigit
1859 368 1899 400 de
1920 379 2024 411 poena
2046 370 2170 411 peccati

522 428 664 464 illorum,
685 429 817 467 propter
837 423 1062 466 praecedentia
1080 422 1232 453 videlicet
1249 421 1290 452 ab
1311 421 1373 452 illis
1392 421 1567 452 commissa
1587 425 1735 462 peccata,
1756 431 1823 452 non
1842 425 1976 463 propter
1995 423 2169 464 praedesti-

524 480 690 512 nationem
705 479 765 510 Dei
782 477 976 518 dispositam
993 476 1027 506 in
1045 475 1154 506 electis
1171 475 1238 505 suis
1254 478 1402 511 tantum,
1421 485 1487 504 non
1504 473 1539 504 in
1556 474 1701 515 reprobis
1716 478 1794 505 ante
1811 475 1940 506 saecula
1957 475 2166 516 sempiterna,
2192 484 2205 504 5

523 534 596 564 licet
620 533 653 562 in
678 530 824 572 antiquis
848 533 881 561 et
905 529 1105 561 authenticis
1129 527 1373 569 exemplaribus
1397 526 1621 558 invenerimus
1646 531 1810 565 praescivit,
1834 538 1901 558 non
1926 533 2110 565 praeparavit
2131 535 2170 561 αθ

520 584 692 625 Fulgentio
714 584 853 615 dictum.
876 582 938 614 Sed
961 581 1117 613 nolumus
1138 581 1372 622 subterfugere,
1394 580 1489 621 quasi
1511 591 1567 621 per
1587 580 1823 612 auctoritatem
1845 580 1892 612 illi
1914 592 1980 612 non
2000 581 2172 613 valeamus

520 638 722 679 respondere.
740 637 779 667 In
795 636 854 667 hoc
872 646 1015 677 namque
1031 634 1112 672 loco,
1130 634 1186 666 ubi
1202 634 1282 666 dicit
1297 633 1482 675 apostolus:
1498 632 1599 664 ‘Deus
1615 633 1687 664 illos
1703 633 1863 671 tradidit’,
1881 634 1925 665 sic
1940 634 2171 676 accipiendum

518 695 567 722 est
586 690 763 721 ‘tradidit'z
787 689 900 721 Gratia
922 699 978 730 per
993 688 1327 730 praedestinationem
1344 686 1592 718 misericorditer
1614 697 1680 717 non
1701 687 1834 728 eripuit,
1856 687 1912 718 sed
1933 687 2143 729 praescientia
2156 687 2171 707 b

519 755 576 775 sua
592 744 676 774 iuste
692 743 725 773 in
742 742 876 784 reprobo
893 752 989 773 sensu
1005 741 1158 772 deseruit.
1173 741 1218 772 Et
1232 741 1320 782 quod
1334 740 1414 771 dicit
1425 739 1655 780 Fulgentius²z
1672 744 1748 775 Quos
1763 744 1800 770 ad
1815 744 1939 770 luendas
1954 751 2076 782 poenas
2090 753 2169 779 prae-
2194 750 2221 769 10

518 801 640 834 paravit,
655 795 806 828 similiter
820 795 1078 835 intellegendum
1092 798 1152 831 est,
1167 794 1244 835 quia
1257 793 1362 834 gratia
1378 804 1434 835 per
1449 793 1785 834 praedestinationem
1798 804 1817 824 a
1832 793 1946 834 poenis
1960 793 2021 825 sibi
2036 797 2170 836 propter

517 861 575 881 sua
601 848 687 881 mala
711 860 809 890 opera
830 847 1032 890 praeparatis
1054 847 1302 879 misericorditer
1327 857 1393 878 non
1418 846 1580 883 liberavit,
1606 845 1661 877 sed
1686 846 1720 877 in
1745 847 1995 888 praeparatione
2021 847 2170 889 propriae

518 902 719 945 perditionis,
738 902 779 934 ad
796 912 900 943 quam
919 900 1153 943 praedestinati
1172 911 1237 931 non
1257 903 1346 937 sunt,
1373 899 1587 941 praescientia
1607 910 1666 930 sua
1684 899 1770 931 iuste
1788 899 1971 941 dereliquit.
1989 900 2035 931 Et
2053 904 2168 931 notan-

516 957 608 993 dum,
629 956 718 997 quia,
742 966 781 986 ne
802 954 911 986 locum
931 954 1126 986 adhaerendi
1148 953 1289 995 perversi
1308 953 1431 994 quique
1459 963 1626 984 sacrorum
1645 953 1822 984 verborum
1842 952 2060 984 intellectores
2080 953 2168 984 inve-

518 1009 636 1046 nirent,
660 1008 741 1040 nihil
762 1008 951 1040 huiusmodi
967 1007 1078 1049 posuit
1091 1007 1208 1038 beatus
1221 1006 1448 1047 Augustinusc
1463 1006 1498 1037 in
1513 1005 1593 1037 libro
1610 1005 1843 1047 Ipognosticon
1852 1004 1878 1044 d,
1894 1006 1929 1037 in
1943 1017 2008 1047 quo
2023 1007 2063 1038 de
2078 1017 2168 1048 prae-
2194 1016 2220 1034 1⁵

517 1062 736 1094 destinatione
754 1060 1060 1103 reprehensoribuse
1078 1060 1166 1091 suise
1184 1059 1382 1101 respondite,
1409 1059 1496 1090 sicut
1513 1058 1710 1100 Fulgentius
1729 1070 1807 1090 sano
1827 1070 1924 1090 sensu
1942 1059 2024 1090 bene
2043 1059 2168 1091 intelle-

517 1115 669 1156 gentibus
685 1118 868 1152 praeparavit,
882 1117 919 1144 ad
934 1117 1059 1144 luendas
1074 1124 1195 1155 poenas
1210 1113 1244 1144 in
1261 1112 1340 1144 libro
1357 1123 1415 1143 suo
1432 1112 1573 1154 scripsit.
1590 1112 1653 1144 Sed
1670 1123 1735 1143 non
1751 1116 1801 1143 est
1817 1112 1950 1150 mirum,
1963 1112 1989 1143 si
2002 1112 2169 1145 veneficus

517 1168 619 1200 etiam
638 1179 789 1209 saporem
809 1167 964 1199 melleum
985 1166 1150 1198 mortifero
1169 1177 1294 1197 veneno
1313 1166 1522 1203 commiscet·,
1543 1177 1623 1197 nam
1643 1165 1706 1197 ista
1726 1166 1932 1208 praeparatio
1952 1165 2168 1207 intellegenda

516 1227 566 1253 est
585 1233 603 1252 a
624 1222 710 1252 iusto
731 1225 765 1251 et
783 1220 894 1252 divino
915 1220 1031 1257 iudice,
1052 1220 1147 1251 iuxta
1166 1230 1269 1261 quam
1289 1219 1351 1250 sibi
1369 1219 1509 1260 quisque
1530 1230 1588 1261 pro
1611 1218 1707 1251 malis
1728 1219 1853 1250 meritis
1873 1219 1940 1250 suis
1960 1219 2170 1261 praeparavit

516 1272 754 1309 desertionemf⁷
767 1274 852 1305 sicut
861 1277 895 1304 et
905 1273 1062 1304 obdurare
1072 1284 1126 1304 cor
1136 1273 1344 1314 inpaenitens
1353 1272 1442 1303 Deus
1452 1272 1584 1310 dicitur,
1597 1283 1663 1303 non
1674 1271 1829 1310 emollire,
1841 1275 1875 1303 et
1885 1272 1971 1303 sicut
1981 1272 2167 1313 intellegen-
2193 1281 2219 1300 2⁰

519 1329 601 1360 dum
619 1331 669 1358 est
687 1327 721 1358 in
739 1326 916 1367 evangelio,
935 1326 1023 1367 quod
1041 1326 1169 1358 dictum
1187 1329 1236 1357 est
1254 1337 1272 1357 a
1290 1326 1433 1357 Domino
1453 1325 1570 1357 Iudae:
1588 1324 1704 1363 ‘Quod
1723 1326 1814 1363 facis,
1833 1326 1884 1358 fac
1902 1325 2024 1363 citius',
2045 1337 2111 1357 non
2130 1329 2168 1357 ut

516 1382 585 1424 ipse
601 1381 738 1418 iuberet,
754 1380 844 1422 quod
860 1380 929 1422 ipse
945 1390 1037 1420 agere
1054 1378 1154 1410 nollet
1169 1383 1203 1410 et
1220 1382 1353 1420 propter
1369 1379 1549 1421 imperium
1565 1389 1676 1416 suum,
1692 1379 1750 1420 qui
1766 1379 1922 1410 dominus
1938 1378 2091 1410 omnium
2106 1383 2166 1417 est,

514 1435 682 1466 dimittere
698 1444 763 1464 non
779 1437 900 1474 posset,
916 1433 970 1463 sed
986 1433 1146 1474 permisit,
1162 1443 1240 1464 eum
1256 1436 1294 1463 ut
1308 1432 1464 1464 transiret
1478 1432 1513 1463 in
1527 1432 1688 1464 affectum
1702 1432 1818 1470 cordis,
1834 1431 1993 1473 quatinus
2007 1431 2167 1470 diabolus,

515 1488 573 1529 qui
595 1498 649 1518 cor
672 1486 759 1517 illius
782 1489 858 1528 post
878 1486 1104 1527 acceptionem
1126 1485 1289 1517 buccellae
1312 1485 1442 1527 plenius
1465 1485 1620 1527 possedit,
1643 1485 1890 1526 derelinquente
1912 1496 1991 1517 eum
2011 1485 2166 1523 Domino,

515 1541 572 1582 qui
587 1540 629 1571 ab
645 1540 716 1581 ipso
733 1539 824 1581 prius
839 1538 1013 1570 derelictus
1029 1539 1146 1575 fuerat,
1164 1550 1220 1580 per
1237 1538 1333 1570 illum
1348 1539 1436 1580 quod
1452 1538 1551 1570 vellet
1566 1543 1687 1579 ageret,
1702 1538 1760 1580 qui
1776 1542 1875 1570 antea
1891 1538 1979 1570 illius
1995 1538 2099 1580 ipsius
2113 1549 2168 1570 cor
2191 1547 2218 1568 25

516 1594 557 1625 ad
579 1593 778 1624 tradendum
801 1592 995 1633 sanguinem
1018 1592 1146 1624 iustum
1168 1592 1318 1623 suasione
1343 1592 1543 1633 nequissima
1566 1591 1750 1632 instigarat.
1775 1591 1839 1623 Sed
1859 1591 2024 1623 Dominus
2047 1596 2167 1623 natura

516 1646 591 1689 pius
609 1650 643 1677 et
662 1646 734 1676 fons
752 1645 911 1677 bonitatis
925 1649 958 1676 et
973 1645 1106 1687 pietatis
1121 1645 1206 1686 origo
1217 1645 1230 1664 ³
1246 1656 1303 1676 nec
1323 1645 1357 1676 in
1371 1645 1549 1676 traditione
1571 1656 1629 1677 sua
1650 1645 1692 1676 ad
1711 1645 1904 1677 traditorem
1923 1655 2023 1676 suum
2041 1645 2167 1677 dicens:

513 1698 621 1736 ‘Iuda,
643 1698 752 1730 osculo
773 1698 880 1730 filium
900 1698 1042 1730 hominis
1062 1699 1164 1729 tradis
1175 1698 1200 1729 ’ζ’
1221 1698 1344 1729 oblitus
1365 1699 1483 1736 fuerat,
1504 1698 1593 1740 quod
1612 1698 1742 1730 dixerat
1762 1709 1819 1740 per
1840 1698 2052 1740 prophetam:
2072 1698 2166 1730 ‘Nolo

519 1756 659 1785 mortem
676 1751 876 1793 peccatoris',
893 1755 926 1782 et
941 1751 1011 1782 ideo
1028 1752 1113 1782 inter
1128 1751 1346 1783 osculandum
1361 1751 1594 1793 benignissime
1609 1762 1687 1783 eum
1703 1755 1752 1782 est
1767 1751 1942 1789 allocutus,
1958 1751 2037 1792 quia
2053 1762 2165 1782 secun-

515 1806 596 1837 dum
616 1804 805 1846 apostolum
824 1815 938 1836 omnes
958 1804 1106 1836 homines
1126 1804 1200 1835 vult
1220 1804 1353 1843 salvari;
1382 1805 1557 1846 praescivit
1583 1809 1697 1836 tamen
1725 1804 1820 1836 illum
1848 1805 2046 1846 periturum,
2066 1815 2167 1845 quem
2190 1813 2217 1832 30

516 1862 650 1890 noverat
670 1868 735 1888 non
755 1869 822 1889 esse
841 1858 880 1889 de
901 1869 1037 1889 numero
1058 1858 1386 1899 praedestinatorum.

604 1912 652 1942 De
669 1921 734 1951 quo
753 1911 853 1942 dante
872 1910 1064 1952 exemplum
1081 1910 1177 1942 beato
1191 1904 1377 1952 Augustino
1401 1910 1484 1942 male
1506 1911 1629 1942 abusus
1647 1915 1697 1942 est
1719 1911 1928 1943 Gotescalcus
1947 1911 2165 1952 subsequente

514 1964 688 2001 sententia,
706 1975 809 2004 quam
827 1964 913 1996 idem
931 1964 1043 1995 doctor
1061 1964 1313 1995 discretissimus
1331 1964 1505 1996 subiunxit
1522 1964 1669 1996 dicens4:
1688 1967 1764 1994 Talis
1781 1970 1825 1993 est
1842 1969 1956 1995 autem
1974 1968 2166 2001 periturorum

514 2022 642 2047 omnium
662 2029 756 2050 causa,
776 2020 843 2046 licet
863 2020 946 2054 culpa
965 2021 1003 2046 sit
1023 2030 1040 2047 a
1060 2021 1144 2055 culpa
1163 2020 1316 2051 dissimilis,
1335 2017 1448 2048 volens
1469 2028 1526 2059 per
1546 2028 1620 2049 eam
1640 2028 1737 2049 suam
1757 2016 1901 2048 stabilire
1922 2016 2105 2059 perfidiam,
2128 2020 2167 2047 ut

513 2071 662 2102 homines
680 2081 699 2101 a
718 2070 785 2101 Deo
808 2070 875 2101 sint
893 2070 935 2101 ad
957 2074 1097 2101 mortem
1118 2070 1352 2112 praedestinati
1371 2074 1551 2108 aeternam,
1578 2081 1657 2102 cum
1679 2070 1945 2102 manifestissime
1965 2073 1999 2101 et
2019 2070 2053 2101 in
2074 2081 2165 2111 prae·
2189 2079 2216 2098 35

513 2122 703 2155 cedentibus
720 2126 754 2153 et
771 2123 805 2154 in
824 2122 1109 2163 subsequentibus,
1128 2123 1213 2154 sicut
1230 2123 1475 2155 evidentissime
1492 2123 1632 2164 quilibet
1649 2123 1792 2165 relegens
1810 2123 1931 2155 librum
1949 2122 2037 2154 illius
2056 2126 2165 2164 potest

512 2187 712 2217 cognoscere,
738 2175 937 2217 praescitum
961 2176 1080 2207 Iudam
1103 2177 1191 2208 dicat
1214 2176 1249 2207 in
1274 2175 1368 2207 malis
1392 2177 1470 2214 suis,
1496 2187 1562 2208 non
1586 2177 1881 2218 praedestinatum,
1905 2180 1940 2208 et
1962 2176 2165 2218 praescitum

514 2228 608 2260 illum
626 2239 694 2260 esse
711 2229 754 2260 ad
772 2239 913 2270 poenam
933 2240 990 2270 pro
1009 2229 1131 2260 eisdem
1151 2229 1245 2261 malis
1264 2229 1342 2267 suis,
1363 2240 1429 2260 non
1449 2230 1748 2271 praedestinatum;
1769 2229 1966 2271 praescitam
1983 2232 2099 2260 autem
2117 2228 2165 2260 illi

513 2293 580 2313 esse
596 2285 629 2313 et
645 2282 922 2323 praedestinatam
938 2292 1079 2322 poenam
1095 2293 1152 2323 pro
1171 2281 1265 2313 malis
1281 2282 1358 2314 suis.
1372 2282 1468 2314 Unde
1483 2286 1516 2314 et
1533 2293 1621 2319 mox,
1638 2293 1716 2314 cum
1731 2283 1847 2314 dicit5:
1863 2285 1940 2312 Talis
1953 2293 2020 2319 ergo
2034 2288 2079 2311 est
2093 2285 2163 2319 peri-

513 2342 642 2364 turorum
660 2339 787 2364 omnium
806 2347 900 2368 causa,
919 2337 985 2364 licet
1003 2338 1086 2372 culpa
1103 2347 1121 2364 a
1139 2339 1222 2372 culpa
1239 2338 1393 2369 dissimilis,
1410 2335 1627 2367 subinfertssss:
1648 2339 1752 2365 Verum
1771 2343 1868 2365 autem
1886 2347 1955 2369 esse,
1976 2333 2075 2372 quodh
2092 2338 2164 2364 dixi-
2187 2344 2215 2364 40

514 2400 585 2421 mus,
606 2391 672 2417 lieet
692 2391 772 2424 plene
792 2391 830 2416 sit
849 2391 1038 2424 disputatum,
1058 2391 1088 2416 id
1107 2394 1151 2416 est
1170 2391 1302 2424 perituris
1322 2400 1444 2425 poenam
1463 2400 1523 2417 esse
1544 2392 1798 2426 praedestinatam.
1817 2388 1862 2419 Et
1882 2387 1980 2429 paulo
2002 2387 2161 2428 superius,

596 2498 619 2523 ³²)
638 2495 670 2517 ad
684 2495 715 2522 Β,
809 2492 832 2524 h)
851 2495 966 2524 prm—scia
978 2494 1008 2517 Β.
1095 2497 1117 2523 ⁰)
1136 2495 1279 2525 Agustinus
1291 2495 1321 2518 B.
1408 2493 1432 2525 ⁶)
1451 2495 1633 2525 ipopnostficon
1646 2495 1676 2518 B.
1760 2496 1783 2523 θ)
1805 2494 1944 2525 Umqoetcllt
1956 2497 2014 2518 stall
2030 2495 2163 2526 respondit

511 2539 736 2569 reprehensoribus
758 2539 810 2561 suis
833 2538 863 2562 B.
961 2536 979 2567 f)
999 2538 1108 2562 desertio
1131 2538 1159 2561 R.
1247 2540 1269 2567 Ε)
1288 2539 1413 2562 subintret
1439 2538 1469 2561 B.
1556 2537 1580 2567 ι1)
1600 2538 1666 2562 Verb.
1687 2539 1792 2564 fflmdſtr
1809 2546 1867 2562 rum
1887 2538 1917 2562 B.

607 2638 629 2664 1)
648 2635 771 2667 Fumant.
798 2635 827 2659 τίκ)
854 2635 959 2660 ret-[late
985 2634 1240 2667 praedestinatoris&
1258 2636 1274 2659 Ι.
1289 2635 1350 2664 ΙΙΙ,
1369 2636 1394 2664 5,
1415 2636 1439 2665 S,
1460 2635 1555 2665 Mrimu·
1575 2635 1618 2661 65.
1638 2635 1699 2659 0256.
1725 2649 1760 2652 —
1783 2634 1838 2666 Vqr.
1857 2634 1926 2659 (Ιαειι
1951 2634 2001 2659 (len
2022 2635 2099 2667 Briej
2116 2635 2161 2660 des

517 2679 644 2704 Rabanus
659 2679 778 2704 Mam-us
795 2688 832 2703 (ιη
846 2679 985 2703 Hiulcmur
1001 2678 1094 2711 (1550).
1112 2678 1175 2703 ΜΘ.
1192 2679 1279 2711 Epist.
1290 2678 1321 2708 V,
1335 2678 1387 2703 492
1398 2679 1428 2703 Ζ.
1442 2678 1510 2712 38ᾒ.
1605 2679 1632 2710 2)
1653 2678 1682 2704 S.
1696 2678 1760 2704 oben
1772 2679 1802 2703 Z.
1816 2678 1856 2711 If.
1951 2679 1978 2710 3)
1996 2679 2039 2704 Zu
2050 2679 2122 2712 ‘jons
2138 2681 2161 2704 el
2185 2680 2212 2698 45

509 2724 591 2755 oriyo’
610 2723 660 2756 vql.
675 2723 824 2748 Archivum
843 2722 989 2748 latinitatis
1006 2722 1090 2747 medii
1105 2722 1165 2747 aevi
1178 2722 1232 2748 VII
1249 2722 1350 2755 (1933)
1365 2722 1394 2748 S.
1409 2722 1470 2748 2:27.
1564 2723 1592 2754 4)
1611 2723 1821 2755 PsaeAuqu-slirz.
1843 2723 2020 2756 Hypomnest.
2036 2723 2084 2753 VI,
2096 2724 2121 2753 5,
2135 2724 2158 2750 7.

514 2768 606 2799 Missus>
625 2768 667 2795 45.
688 2768 764 2793 1661.
873 2769 900 2798 5)
917 2768 945 2791 S.
967 2767 1028 2791 oben
1050 2767 1079 2791 Z.
1093 2767 1150 2798 33s.
1259 2768 1286 2797 6)
1310 2767 1518 2799 P-e-Athust'in.
1542 2766 1720 2799 Hypcmnest.
1738 2767 1785 2796 Vl,
1804 2769 1829 2797 li,
1848 2767 1873 2793 8.
1902 2767 1997 2800 Miqne
2016 2768 2059 2794 45.
2079 2768 2157 2793 1661.
