2220 3192
284 1370 349 1389 Rom.
361 1371 381 1392 2,

359 307 432 336 859.

395 1370 430 1388 21.

452 213 491 242 64
1018 209 1203 236 HINKMAR
1224 208 1300 234 VON
1323 207 1443 234 REIMS
1465 208 1524 233 126.

455 305 513 335 1100
533 303 776 338 commonitum,
800 304 835 331 ut
853 311 911 330 vos
929 299 1073 334 adiuvet,
1094 301 1127 328 et
1145 297 1224 338 alios
1242 296 1324 327 tales
1343 295 1452 327 fideles
1471 299 1607 333 vestros,
1627 296 1712 327 sicut
1730 296 1828 327 scitis.
1849 297 1893 327 Et
1911 307 1986 328 cum
2004 307 2093 328 man-

453 357 622 387 suetudine
643 353 901 389 imam-miscendo,
923 351 1007 382 sicut
1027 361 1112 381 nunc
1133 353 1263 390 tempus
1284 360 1317 379 se
1338 348 1448 385 habet,
1470 359 1542 379 raro
1564 352 1597 380 et
1617 359 1683 379 non
1704 349 1799 380 nimis
1820 349 1943 380 duriter
1963 350 2094 381 commi-

453 410 609 441 nationes,
629 408 654 437 si
672 407 764 437 vobis
782 405 920 441 videtur,
940 414 1005 434 non
1023 402 1102 434 alias
1120 402 1225 433 minas
1242 402 1447 438 intentandO,
1467 401 1528 432 nisi
1546 401 1622 442 quia
1640 401 1674 432 in
1691 402 1751 432 hoc
1769 401 1933 439 videbitis,
1952 402 2008 443 qui
2025 402 2094 434 Deo

452 461 552 492 fidelis
569 464 617 491 est
634 464 666 490 ct
682 470 740 489 vos
755 469 867 489 carum
882 456 982 487 habet
999 460 1031 486 et
1048 456 1086 486 de
1103 455 1196 485 vobis
1212 465 1252 485 ex
1268 465 1365 494 regno
1382 457 1491 485 vestro
1508 454 1589 485 bene
1605 454 1724 486 habere
1740 455 1841 496 cupit,
1865 458 1899 486 et
1921 454 1966 486 illi
1982 455 2095 487 mereri

453 515 511 544 hoc
530 512 712 547 studebitis,
733 511 757 541 si
777 510 870 540 vobis
888 509 1018 540 adiutor
1036 508 1182 539 extiterit
1201 508 1243 538 ad
1261 518 1468 539 communem
1486 507 1712 545 salvationem,
1732 511 1770 538 ut
1787 508 1850 539 ista
1869 507 1955 540 mala
1974 508 2013 539 de
2031 508 2094 539 isto

454 577 546 605 regno
569 564 729 595 recedant.
754 563 798 594 Et
819 562 874 603 qni
896 562 928 592 in
950 561 1072 592 talibus
1094 561 1154 592 Dei
1175 561 1305 592 adiutor
1327 563 1360 591 et
1381 564 1489 591 vester
1510 561 1633 592 amicus
1655 571 1692 592 ac
1714 571 1791 592 suus
1813 571 1879 592 non
1900 561 2007 599 fuerit,
2030 572 2095 592 non

452 618 598 659 poteritis
621 617 738 647 habere
762 615 1047 651 delectamentum,
1072 617 1110 644 ut
1132 613 1211 644 illud
1234 613 1358 645 bonum
1381 613 1409 644 ei
1433 613 1571 650 faciatis,
1596 614 1683 654 quod
1706 614 1865 652 faceretis,
1889 615 1916 645 si
1938 614 2095 645 veraciter

450 682 522 702 eum
544 670 685 701 amicum
706 668 948 709 cognovissetis,
972 667 1030 698 Vel
1050 667 1113 697 isto
1135 670 1195 698 aut
1215 665 1279 698 alio
1301 667 1409 703 modo,
1433 667 1521 707 quod
1543 666 1657 698 melius
1679 667 1777 704 scitis,
1801 677 1902 708 quam
1923 677 1980 708 ego
2003 667 2095 698 vobis

450 724 568 765 possim
595 723 708 759 (110010,
736 725 770 752 et
796 720 910 753 melius
936 720 1130 761 cognoscitis
1156 719 1300 751 fidelium
1326 723 1511 751 vestrorum
1538 719 1714 760 qualitates
1741 731 1841 761 quam
1867 730 1936 761 ego,
1964 723 1997 751 et
2023 720 2094 751 ideo

449 776 625 807 secundum
654 775 740 816 quod
771 774 860 805 scitis
890 773 1062 814 unicuique
1091 773 1274 810 convenire,
1303 776 1485 814 temperate
1514 784 1704 804 sermonem.
1737 772 1863 805 Scimus
1892 773 1988 811 enim,
2018 773 2094 814 quia

448 829 526 860 lenis
545 828 666 865 sibilus,
688 828 743 868 qui
763 837 921 868 equorum
940 826 1145 858 ferocitatem
1164 826 1304 867 mitigat,
1325 837 1444 857 canum
1464 826 1678 867 sagacitatem
1696 826 1841 867 instigat.
1870 826 1914 857 Et
1933 827 1996 858 ada
2013 825 2095 858 tales

450 882 602 919 homines,
623 891 704 922 quos
724 881 820 912 modo
841 891 906 910 non
926 883 975 910 est
994 879 1088 910 vobis
1107 890 1235 910 necesse
1254 883 1364 910 tenere
1384 879 1554 910 vobiscum
1573 882 1607 910 et
1626 879 1682 920 qui
1701 879 1773 911 ideo
1793 890 1869 911 cum
1888 879 1977 911 omni
1995 890 2095 921 prope

450 934 568 966 familia
593 945 651 965 sua
676 934 716 965 de
741 933 806 964 suis
830 932 1053 965 mansionibus
1077 936 1223 969 movent,
1249 936 1287 963 ut
1312 932 1351 963 de
1375 932 1488 963 ahenis
1512 931 1678 964 laboribus
1709 933 1836 970 vivant,
1869 933 2095 964 commendate

447 998 529 1029 quae
547 987 640 1018 vobis
658 990 734 1017 sunt
752 986 872 1028 placita
890 989 923 1016 et
941 985 1129 1022 necessaria,
1148 989 1182 1016 et
1198 986 1335 1017 redeant
1351 986 1393 1016 ad
1412 986 1525 1017 domos
1543 996 1618 1016 suas
1635 985 1688 1017 vel
1704 996 1780 1017 cum
1797 986 1909 1027 paucis
1926 985 2097 1017 vobiscum

446 1044 544 1078 stent,
561 1044 599 1071 ut
614 1051 688 1071 cum
703 1040 828 1070 iustitia
845 1039 953 1070 vivere
970 1039 1105 1080 possint,
1123 1038 1199 1079 quia
1215 1039 1248 1070 in
1264 1038 1413 1070 solidiore
1428 1039 1517 1079 regni
1533 1038 1634 1069 vestri
1648 1038 1719 1070 loco
1736 1039 1851 1080 degitis
1858 1038 1880 1076 1,
1898 1050 2001 1080 usque
2017 1039 2096 1070 dum

446 1093 614 1136 plenitudo
633 1092 777 1124 fidelium
794 1096 977 1123 vestrorum
996 1091 1051 1122 ubi
1069 1091 1279 1123 condixeritis
1296 1092 1339 1123 ad
1357 1102 1416 1122 vos
1434 1092 1579 1129 veniant,
1599 1092 1730 1133 quando
1748 1092 1782 1122 in
1800 1091 1945 1133 aliquam
1962 1092 2096 1123 necessi-

446 1150 551 1178 tatem
572 1146 617 1177 ire
641 1146 817 1177 volueritis.
845 1145 907 1176 Sed
931 1144 1073 1176 multum
1096 1145 1206 1182 timeo,
1232 1145 1308 1186 quia
1330 1145 1406 1176 talis
1437 1144 1587 1186 popquS,
1619 1145 1675 1186 qui
1705 1145 1749 1176 sic
1774 1145 1881 1177 Deum
1904 1144 2041 1176 offendit
2064 1149 2097 1176 et

448 1211 511 1230 non
533 1210 566 1230 se
587 1199 727 1239 corrigit,
743 1210 800 1229 nec
816 1209 874 1229 vos
890 1209 948 1229 nec
963 1210 995 1229 se
1013 1198 1131 1239 ipsum,
1148 1198 1280 1239 quando
1303 1209 1431 1229 necesse
1454 1198 1562 1235 fuerit,
1578 1198 1734 1229 adiuvare
1749 1198 1883 1229 valebit.
1907 1198 1952 1229 Et
1973 1198 2096 1230 mittite

448 1252 594 1284 homines
623 1252 800 1283 secundum
829 1251 1098 1283 consuetudinem
1126 1251 1410 1292 praedecessorum
1437 1255 1631 1289 vestrorum,
1661 1252 1717 1292 qui
1745 1252 1778 1282 in
1806 1251 1933 1292 longius
1960 1255 2097 1293 pergant

446 1309 578 1347 propter
601 1305 759 1336 fodrarios
781 1308 814 1336 et
836 1316 947 1336 curam
970 1305 1009 1335 de
1032 1315 1111 1346 pace
1134 1304 1306 1345 accipiant.
1330 1304 1375 1335 Et
1396 1304 1479 1336 tales
1501 1305 1634 1341 mittite,
1659 1305 1714 1345 qui
1737 1316 1802 1336 non
1824 1305 1890 1336 sint
1912 1305 1952 1336 de
1973 1305 2033 1342 his,
2057 1305 2095 1335 de

446 1359 563 1399 quibus
585 1358 664 1389 dicit
685 1358 867 1399 apostolus:
888 1357 965 1395 ‘Qui
988 1357 1155 1399 praedicas
1178 1369 1242 1388 non
1265 1358 1450 1395 furandum,
1474 1357 1610 1389 furaris.³

529 1411 728 1443 Transmitto
747 1411 850 1448 vobis,
869 1411 954 1442 sicut
971 1411 1036 1442 dixi
1045 1411 1068 1449 2,
1087 1411 1252 1452 exemplar
1269 1411 1502 1442 admonitionis
1520 1415 1659 1448 nostrae,
1680 1422 1780 1452 quam
1798 1422 1854 1452 per
1872 1410 1965 1442 villas
1983 1411 2095 1448 direxi,

448 1470 494 1498 ut,
516 1466 540 1496 si
560 1464 652 1496 vobis
672 1464 789 1506 placet,
811 1468 886 1506 post
904 1465 1162 1496 admonitionem
1182 1468 1326 1496 vestram
1344 1464 1377 1495 in
1397 1468 1573 1505 conspectu
1593 1468 1702 1495 vestro
1722 1475 1795 1496 eam
1813 1463 1962 1495 fidelibus
1981 1464 2096 1495 vestris

448 1518 586 1549 iubeatis
605 1518 741 1558 relegere
760 1521 794 1549 et
813 1518 1005 1558 praedicetis
1024 1517 1095 1555 illis,
1116 1517 1192 1559 quia
1210 1517 1275 1548 ista
1294 1517 1393 1549 verba
1413 1517 1474 1548 Dei
1493 1521 1570 1548 sunt
1589 1521 1622 1548 et
1640 1517 1730 1549 missi
1748 1517 1809 1549 Dei
1828 1521 1905 1548 sunt
1923 1521 1957 1548 et
1975 1529 2041 1548 non
2059 1528 2096 1548 ea

445 1571 566 1602 debent
588 1571 621 1602 in
643 1582 674 1601 50
697 1570 749 1601 vel
770 1571 802 1602 in
825 1571 890 1602 suis
912 1570 1075 1612 neglegere
1086 1571 1108 1602 3.
1132 1571 1177 1602 Et
1198 1571 1242 1602 sic
1264 1571 1427 1602 custodite
1449 1582 1496 1608 ea,
1520 1582 1603 1612 quae
1625 1581 1759 1612 suggero
1782 1574 1815 1602 et
1836 1571 2036 1608 transmitto,
2059 1574 2097 1601 ut
2121 1593 2132 1598 -

446 1628 522 1655 ante
542 1624 640 1655 nichil
659 1624 764 1655 sciant
782 1624 842 1655 nisi
862 1635 917 1665 per
936 1634 1010 1662 vos;
1030 1625 1116 1665 quia,
1137 1624 1163 1655 si
1182 1624 1322 1661 scierint,
1342 1627 1452 1665 potest
1470 1623 1548 1662 fieri,
1568 1627 1606 1654 ut
1625 1635 1689 1655 non
1709 1635 1763 1655 eos
1781 1623 1919 1665 pleniter
1937 1623 2094 1655 habeatis

448 1678 511 1707 Vos
530 1681 641 1709 tamen
660 1678 734 1708 inde
754 1677 880 1708 debetis
898 1678 1068 1709 consilium
1086 1677 1252 1719 prendere,
1273 1681 1310 1708 ut
1328 1677 1469 1708 iubeatis
1487 1677 1593 1714 alicui,
1614 1677 1670 1718 qui
1688 1680 1798 1708 vestra
1816 1677 1886 1708 vice
1905 1677 2024 1708 cotidie
2043 1688 2096 1708 005

447 1730 632 1767 admoneat,
658 1734 704 1767 ut,
730 1731 755 1761 51
778 1730 860 1761 tales
885 1734 971 1768 sunt,
997 1731 1052 1772 qui
1076 1734 1174 1762 antea
1198 1731 1282 1761 hanc
1305 1730 1564 1762 admonitionem
1587 1741 1653 1761 non
1677 1731 1858 1767 audierant,
1891 1730 1936 1761 eis
1966 1730 2094 1767 cotidie,

449 1784 578 1824 quando
604 1783 646 1815 ad
672 1788 900 1824 paramentum
925 1788 1072 1815 vestrum
1097 1784 1256 1821 venerint,
1283 1783 1414 1824 relegat,
1442 1787 1604 1824 quatenus
1629 1787 1662 1815 et
1686 1783 1748 1826 ipsi
1772 1783 2006 1815 inexcusabiles
2031 1784 2096 1814 sint

448 1840 481 1866 et
500 1847 558 1867 vos
577 1836 720 1877 aliquam
740 1838 982 1869 excusationem
1002 1848 1111 1869 coram
1132 1838 1201 1868 Deo
1221 1837 1340 1868 habere
1360 1837 1500 1878 possitis,
1522 1837 1548 1867 si
1567 1840 1701 1868 tantum
1720 1837 1837 1874 facitis,
1859 1840 2021 1878 quantum
2040 1847 2096 1878 per

448 1890 607 1921 rationem
629 1890 777 1931 potestis.
1132 1921 1138 1924 .

529 1943 573 1973 Et
599 1942 699 1974 nolite
725 1942 890 1984 neglegere
916 1943 970 1975 illa
997 1943 1152 1985 capitula,
1173 1954 1257 1984 quae
1284 1944 1428 1984 synodus
1454 1943 1494 1974 de
1521 1943 1702 1975 Carisiaco*l
1729 1954 1785 1984 per
1812 1942 2037 1975 wanilonem⁵
2063 1946 2096 1973 et

447 1995 691 2026 Erchanrauniss
712 1997 892 2028 transmisit
914 1997 955 2028 ad
979 1997 1064 2028 hunc
1084 1997 1287 2028 Attiniacum
1310 1996 1486 2038 praeterito
1509 2007 1595 2027 anno
1619 1996 1825 2027 Hludouuico
1850 1996 1942 2027 fratri
1964 1995 2095 2027 vestro⁷

446 2051 479 2078 et
498 2059 549 2079 me
568 2049 811 2080 transmittente
832 2050 1026 2081 Hincmarns
1045 2050 1130 2081 filius
1148 2049 1261 2081 meus8
1279 2049 1373 2080 vobis
1392 2049 1492 2086 dedit,
1514 2050 1646 2090 quando
1665 2049 1834 2080 vobiscum
1852 2050 1887 2080 in
1906 2049 2095 2090 Burgundia

448 2101 518 2131 fuit.
545 2100 608 2132 Sed
630 2101 759 2142 relegite
782 2102 836 2133 illa
858 2102 1037 2144 diligenter,
1062 2104 1138 2144 quia
1157 2122 1202 2126 ——
1222 2102 1320 2134 michi
1342 2102 1463 2133 credite
1483 2121 1527 2125 -—
1548 2102 1620 2144 plus
1642 2113 1700 2144 pro
1723 2102 1816 2133 vobis
1839 2113 1939 2144 quam
1960 2113 2018 2144 pro
2040 2101 2094 2133 illo

446 2154 534 2184 facta
558 2154 698 2185 suerunt.
723 2155 900 2187 Credebam
924 2156 1019 2193 enim,
1045 2157 1132 2197 quod
1147 2156 1207 2187 Dei
1229 2155 1446 2187 misericordia
1462 2165 1521 2186 vos
1544 2166 1694 2186 revocare
1718 2155 1883 2186 debuisset
1906 2159 1939 2186 et
1961 2155 2016 2186 illa
2039 2155 2094 2186 ad-

447 2207 582 2237 monitio
604 2207 697 2237 vobis
719 2209 896 2239 necessaria
919 2213 951 2239 et
974 2209 1062 2240 utilis
1083 2220 1151 2240 esse
1172 2209 1306 2240 valeret.

531 2259 691 2297 Ceterum,
719 2261 858 2295 domine,
886 2262 948 2292 tria
975 2263 1015 2292 ad
1044 2273 1094 2293 me
1121 2266 1349 2303 pervenerunt,
1377 2272 1460 2302 quae
1487 2262 1619 2293 reticere
1646 2261 1738 2292 vobis
1765 2261 1918 2303 disposui,
1946 2272 1986 2292 ne
2011 2261 2094 2292 inter

448 2311 511 2343 alia
533 2313 608 2343 inde
632 2312 703 2353 plus
726 2318 833 2344 vester
855 2315 981 2346 animus
1004 2319 1199 2346 moveretur.
1226 2314 1288 2346 Sed
1311 2315 1487 2355 recogitavi
1510 2315 1624 2346 melius
1647 2326 1724 2352 esse,
1749 2318 1787 2346 ut
1808 2314 1902 2345 vobis
1923 2313 1977 2345 illa
2000 2313 2094 2355 signi-

449 2364 551 2397 ficem.
572 2366 725 2405 quoniam
745 2377 827 2407 quae
846 2368 886 2397 ad
906 2371 1048 2399 vestram
1066 2368 1219 2399 notitiam
1236 2379 1303 2399 non
1320 2368 1518 2410 perveniunt
1534 2379 1599 2399 non
1617 2368 1753 2409 potestis
1771 2367 1925 2408 corrigere
1943 2371 1976 2398 et
1994 2378 2093 2408 quan-

534 2464 588 2487 1211.
614 2464 638 2493 ³)
659 2464 765 2494 Eryiinzt
783 2465 874 2490 Ssrm.;
894 2466 951 2495 fehlt
974 2467 1002 2489 b'.

541 2534 563 2563 l)
586 2533 639 2557 Am,
659 2533 700 2558 12.
714 2533 835 2558 Febr-nar
856 2534 908 2559 859
928 2535 996 2559 hasta:
1018 2536 1086 2561 Kar]
1106 2536 1151 2561 der
1172 2537 1260 2562 Kame,
1280 2537 1320 2562 hei
1342 2537 1505 2562 Gharleville
1526 2537 1585 2561 eine
1607 2537 1768 2569 Beqeynunq
1789 2536 1837 2561 mit
1857 2535 1956 2561 Lothar
1967 2536 2022 2566 ΙΙ.,
2043 2537 2092 2568 vy!-

450 2577 586 2602 lnimmler
604 2577 646 2605 12,
668 2577 727 2602 446.
859 2579 886 2609 2)
906 2578 935 2603 S.
957 2579 1021 2603 oben
1042 2580 1070 2604 ιδ’,
1084 2581 1118 2605 023
1138 2580 1167 2605 Z.
1188 2581 1222 2606 32
1243 2581 1291 2606 mit
1312 2581 1346 2606 A.
1363 2582 1385 2607 7.
1521 2581 1549 2612 3)
1566 2580 1623 2613 Vql.
1644 2580 1709 2606 oben
1737 2579 1853 2606 Nr.125
1881 2580 1909 2605 S.
1923 2580 1958 2606 60
1977 2580 2007 2605 Z.
2021 2579 2091 2613 19ff

446 2622 473 2651 4)
494 2620 603 2652 ις’-1110110
621 2630 666 2645 rou
684 2622 807 2653 Qmierzy,
826 2622 971 2647 Nomnbm·
987 2623 1048 2653 858,
1065 2624 1113 2655 vql.
1133 2624 1196 2650 ΜΘ.
1214 2625 1305 2658 (rupit.
1318 2625 1362 2653 II,
1379 2625 1468 2658 427ff.
1487 2625 1516 2650 S.
1534 2624 1599 2650 oben
1615 2624 1666 2650 ΝΥ.
1680 2624 1731 2650 115
1748 2624 1776 2649 S.
1790 2625 1834 2650 57.
1928 2625 1956 2656 5)
1977 2624 2026 2650 ΕΙ).
2043 2632 2093 2649 von

449 2665 542 2689 Rauen
567 2665 751 2698 (SJJSVAEGD).
878 2667 905 2697 G)
928 2667 961 2691 B.
988 2676 1035 2691 non
1059 2667 1177 2693 Gladlons
1199 2678 1220 2694 S.
1246 2669 1303 2699 JI.‚·
1326 2670 1376 2702 vyl.
1400 2669 1468 2695 obern
1493 2669 1543 2695 Nr.
1558 2669 1592 2694 96
1615 2668 1644 2694 S.
1660 2669 1693 2694 43
1717 2668 1773 2694 und
1796 2668 1830 2694 A.
1845 2668 1870 2694 9.
1984 2670 2011 2701 7)
2036 2668 2091 2701 Vql.

449 2709 639 2737 Dimnn1lerl2,
664 2709 723 2734 435.
756 2725 789 2727 ᾼ-
820 2710 855 2734 [η
879 2711 1001 2742 Attiqny,
1027 2720 1063 2735 wo
1084 2712 1213 2738 «immola
1237 2713 1375 2739 Hinlcmar
1396 2713 1439 2739 die
1467 2713 1559 2745 Briefe
1582 2713 1632 2738 Nr.
1653 2712 1795 2738 125-127
1817 2712 1927 2743 schrieb,
1951 2713 2033 2738 weilte
2055 2712 2091 2738 im

447 2753 592 2778 chcmbrr
608 2754 660 2778 8:5⁸
675 2753 732 2778 also
751 2754 860 2786 Lndwig]
875 2754 920 2779 der
936 2755 1073 2780 Dmtsclm.
1100 2756 1154 2787 Vql.
1172 2757 1241 2781 (catch
1257 2757 1322 2782 01,οη
1336 2757 1364 2783 S.
1379 2758 1414 2783 57
1431 2757 1465 2783 A.
1480 2758 1505 2784 4.
1604 2758 1631 2789 S)
1653 2757 1706 2783 Des
1726 2757 1860 2782 Reimsers
1876 2757 1963 2790 Neffe,
1987 2757 2020 2782 B.
2042 2765 2092 2782 von

447 2797 518 2822 Lanu
530 2806 537 2823 :
559 2797 608 2829 nql.
627 2797 689 2822 ohan
712 2798 758 2822 ΝΥ,
778 2798 826 2823 109
843 2798 871 2822 S.
886 2799 920 2823 55
937 2798 994 2823 und
1011 2799 1043 2823 Α.
1063 2800 1082 2823 1.

2119 783 2145 802 10

2120 1047 2146 1067 15

2120 1314 2147 1333 20

2120 1847 2148 1865 30

2119 2112 2147 2131 35

2118 2379 2146 2397 4⁰

2118 2718 2144 2736 45
