2220 3192
464 230 521 256 158
1023 227 1209 252 HINKMAR
1229 227 1306 253 VON
1327 228 1446 253 REIMS
1469 229 1527 254 169.

355 320 429 350 364.
455 319 650 349 detrimenta
665 316 778 347 diebus
793 316 908 346 vestris
922 315 1161 356 aequanimiter
1176 315 1327 347 tolerare:
1344 320 1377 347 et
1391 316 1449 347 hoc
1467 316 1679 348 nihilominus
1694 327 1713 347 a
1730 315 1821 347 nobis
1836 320 1870 347 et
1884 316 1925 347 ab
1941 316 2094 348 omnibus

453 375 503 402 est
521 371 694 401 rectissime
710 368 955 409 suscipiendum
972 371 1006 398 et
1024 367 1242 399 sollertissime
1256 370 1527 400 conservandum.
1555 369 1649 406 Quod
1667 372 1701 400 et
1718 379 1774 409 ego
1795 380 1851 410 pro
1872 369 2003 400 modulo
2023 380 2093 401 meo

451 424 647 455 servandum
666 432 732 451 csse
752 421 841 452 volui
861 424 895 451 et
913 420 987 452 volo
1008 425 1041 451 et
1061 421 1191 452 favente
1211 422 1353 453 Domino
1374 423 1409 453 in
1428 423 1487 453 hac
1507 422 1680 453 devotione
1702 421 1851 459 manebo,
1872 423 1975 453 sciens
1996 423 2093 463 privi-

451 477 570 517 legium
587 474 855 515 metropolitanae
870 474 953 504 sedis
966 474 1157 512 Remorum,
1172 474 1226 506 cui
1241 486 1291 506 me
1305 475 1418 506 divina
1432 476 1578 516 dignatio
1593 475 1711 506 servire
1725 475 1899 517 disposuit,
1914 476 1949 506 in
1963 486 2093 507 summo

452 529 615 570 privilegio
635 531 766 558 sanctae
786 527 869 557 sedis
887 526 1055 558 Romanae
1077 538 1206 559 manere
1225 532 1258 559 et
1278 528 1486 569 privilegium
1505 539 1571 559 esse
1591 528 1674 559 sedis
1692 527 1873 565 Romanae,
1895 529 1921 559 si
1940 539 1999 559 sua
2017 539 2093 560 auc·
2117 538 2130 559 5

451 583 581 612 toi-itate
599 579 805 622 privilegium
821 579 881 610 sibi
898 579 1062 611 subiectae
1078 581 1161 612 sedis
1178 581 1289 612 fecerit
1304 582 1409 622 vigere
1425 585 1459 612 et
1474 581 1638 612 studuerit
1653 581 1874 612 confirmarel.
1891 581 1938 612 De
1954 592 1991 612 eo
2006 593 2092 619 vero,

449 635 533 676 quod
554 634 649 665 tertio
669 632 738 665 loco
757 633 798 664 ad
820 633 965 664 medium
983 634 1174 671 devocastis,
1195 633 1329 665 scribere
1348 635 1439 666 aliud
1459 634 1540 666 nihil
1560 634 1797 675 praesumpsi2,
1818 634 1880 665 nisi
1899 635 1976 676 quia
1996 645 2094 666 causa

449 688 588 719 Rothadi
606 698 624 717 a
640 686 746 717 causis
763 685 905 723 illorum,
923 687 961 717 de
979 687 1098 727 quibus
1115 687 1299 728 scripsistis,
1317 692 1366 718 est
1384 698 1465 728 pene
1483 688 1518 718 in
1534 688 1663 718 cunctis
1680 687 1857 718 dissimilis.
1875 688 1923 718 De
1940 698 1988 725 eo,
2006 688 2095 729 quod

449 741 582 772 tandem
603 739 781 781 apostolica
803 743 911 770 vestra
932 740 1116 781 benignitas
1138 741 1328 782 indignitati
1352 752 1440 772 meae
1463 740 1597 772 scribere
1619 744 1669 771 est
1690 740 1823 781 dignata
1832 740 1855 778 ³,
1881 744 1918 771 ut
1939 741 2016 772 haec
2038 752 2093 772 vo—

448 795 575 826 biscum
592 793 733 833 cogitem
751 796 784 823 et
803 793 891 833 quod
909 793 948 824 de
967 793 1117 824 Rothado
1137 794 1310 825 decernitis
1328 794 1509 835 approbem
1528 797 1561 824 et
1581 805 1647 825 non
1665 794 1706 824 ad
1727 794 1790 825 mei
1809 794 1966 825 iniuriam
1984 794 2018 825 id
2036 805 2093 825 vos
2117 803 2143 823 ιο

449 848 546 888 egisse
567 845 814 886 aliquantulum
834 850 1023 878 autumem:
1045 851 1212 887 quantum
1231 846 1334 884 valeo,
1357 848 1436 878 totis
1460 846 1609 878 medullis
1630 847 1735 878 cordis
1755 858 1834 878 cum
1855 847 1946 878 omni
1967 847 2093 888 suppli-

447 900 573 931 catione
591 903 624 929 ct
640 899 750 930 debita
767 910 804 930 ac
822 899 983 930 submissa
1001 899 1188 931 humilitate
1206 901 1384 931 immensas
1401 901 1582 942 gratiarum
1599 900 1744 931 actiones
1761 904 1875 931 sancto
1892 900 2094 941 apostolatui

448 957 553 984 vestro
570 952 721 993 rependo7
737 963 812 983 cum
827 953 918 983 omni
933 953 1120 984 sinceritate
1135 954 1238 984 animi
1254 953 1441 990 rescribens,
1457 954 1545 994 quia,
1562 954 1648 984 sicut
1663 953 1817 984 seriberea
1835 953 1932 984 mihi¹³
1948 953 2094 994 dignati*

449 1007 535 1044 estis,
556 1005 603 1036 ita
623 1016 680 1046 per
699 1005 810 1036 omnia
829 1006 935 1037 credo.

518 1060 562 1090 Et
583 1059 660 1099 quia
684 1058 891 1100 privilegium
913 1059 1013 1090 vestri
1035 1059 1159 1090 summi
1182 1058 1406 1100 pontificatus,
1431 1063 1469 1089 ut
1490 1059 1645 1090 condecet
1667 1063 1701 1090 et
1722 1070 1835 1090 omnes
1858 1059 2091 1097 desideramus,
2117 1067 2144 1088 15

448 1113 670 1143 evindicatum
693 1111 847 1148 habetisb,
872 1112 960 1153 quod
984 1123 1078 1143 nemo
1102 1113 1253 1143 nostrum
1274 1112 1528 1150 contradixerat,
1553 1112 1587 1143 in
1610 1112 1804 1143 deductione
1828 1112 1982 1150 Rothadi,
2006 1113 2093 1144 sicut

448 1166 666 1207 praecepistis
677 1165 718 1196 ad
731 1169 876 1196 vestram
891 1165 1119 1206 praesentiam,
1134 1169 1170 1196 ut
1185 1166 1361 1206 perdonare
1375 1166 1501 1206 dignati
1515 1166 1603 1202 estis,
1615 1166 1722 1196 videre
1737 1165 1880 1197 desidero
1895 1169 1929 1196 et
1941 1166 2092 1197 visurum

449 1230 499 1250 me
514 1230 579 1250 esse
595 1217 738 1255 oonfis103
755 1218 831 1258 quia
848 1229 914 1249 non
929 1218 1019 1249 aliud
1035 1219 1107 1255 nisi,
1126 1222 1163 1249 ut
1178 1229 1276 1260 supra
1294 1219 1484 1255 monstravi,
1501 1219 1589 1259 quod
1604 1218 1732 1259 regulae
1755 1229 1862 1250 sacrae
1885 1219 2093 1260 praecipiunt

446 1277 479 1303 et
496 1272 574 1303 mihi
591 1272 770 1313 petendum
780 1275 814 1302 et
822 1271 915 1303 vobis
929 1272 1173 1303 concedendum
1188 1275 1263 1309 estc,
1282 1272 1426 1313 postulo:
1442 1271 1593 1303 videlicet
1617 1276 1655 1303 ut
1669 1272 1713 1303 sic
1728 1272 1879 1303 Rothado
1894 1272 1935 1303 ab
1950 1272 2091 1303 auctori-

447 1330 515 1356 tate
533 1329 641 1356 vestra
659 1325 841 1366 compassio
860 1324 1063 1362 exhibeatur,
1085 1329 1122 1355 ut
1140 1325 1230 1366 vigor
1249 1324 1483 1356 ecclesiasticus
1504 1336 1570 1356 non
1588 1325 1796 1363 dissolvatur,
1817 1329 1851 1356 et
1870 1325 1914 1356 sic
1932 1326 2024 1366 vigor
2042 1336 2090 1356 ec·
2116 1333 2143 1353 20

445 1378 643 1410 clesiasticus
657 1382 877 1415 conservetur,
895 1382 932 1409 ut
946 1378 1056 1409 debita
1073 1379 1289 1409 misericordia
1304 1382 1338 1409 et
1354 1379 1530 1409 necessaria
1545 1378 1743 1409 sufficientia
1758 1379 1787 1410 ei
1803 1389 1870 1409 non
1885 1379 2088 1419 denegetmd,

446 1433 602 1473 quatinus
618 1443 674 1462 1100
689 1431 792 1473 ipsius
802 1431 953 1472 exemplo
966 1432 1008 1462 ad
1022 1432 1246 1462 excedendum
1259 1431 1315 1462 alii
1330 1436 1561 1472 provocentur;
1577 1443 1627 1469 ne,
1639 1432 1759 1473 quibus
1772 1432 1808 1463 in
1822 1432 1893 1463 istis
1908 1431 2091 1473 regionibus

446 1485 572 1525 longius
592 1484 632 1515 ab
653 1484 831 1526 apostolica
852 1485 924 1515 sede
945 1485 1078 1515 remotis
1097 1495 1251 1516 censurae.
1272 1484 1504 1516 ecclesiasticae
1527 1485 1705 1516 moderatio
1726 1489 1776 1516 est
1795 1485 1981 1522 commissa,
2002 1485 2090 1523 hinc,

237 1548 431 1573 vanu-ommes.
446 1539 533 1580 quod
555 1538 651 1575 absit,
675 1538 891 1579 conspiciant,
918 1538 1002 1569 unde
1026 1541 1086 1568 aut
1110 1537 1310 1579 neglegentia
1333 1542 1393 1569 aut
1415 1537 1628 1569 dissolutione
1653 1542 1823 1579 tepescant
1844 1538 1899 1569 vel
1920 1538 2090 1575 terminos,

445 1602 526 1633 quos
546 1595 735 1622 statuerunt
757 1595 876 1632 patres„
897 1591 1153 1632 transgrediendi
1175 1591 1345 1622 materiem
1366 1602 1398 1622 se
1419 1602 1545 1622 sumere
1567 1602 1659 1632 posse
1680 1592 1802 1629 dicant,
1823 1602 1915 1632 quos,
1937 1591 2022 1622 sicut
2042 1591 2090 1622 in·
2114 1598 2141 1618 2⁵

446 1644 643 1681 telleximus,
669 1656 726 1675 nos
748 1645 906 1676 hactenus
929 1655 1070 1676 servasse
1094 1648 1262 1685 putamus.
1286 1645 1350 1675 Vos
1371 1644 1536 1681 videbitis,
1560 1645 1640 1685 quid
1663 1645 1738 1676 inde
1762 1645 1850 1676 facto
1875 1644 1991 1676 melius
2013 1645 2090 1682 erit3

446 1703 479 1729 et
500 1697 591 1728 nobis
610 1698 645 1728 in
664 1698 783 1728 iudicio
803 1702 909 1728 vestro
929 1698 1109 1729 videndum
1128 1701 1188 1735 est,
1208 1697 1287 1738 quid
1305 1697 1394 1728 Deus
1412 1697 1503 1729 velit.
1532 1698 1697 1734 Quoniam
1716 1699 1840 1729 iniusta
1859 1709 1926 1729 esse
1947 1709 2014 1728 non
2034 1709 2090 1739 po-

283 1752 431 1805 Vssss·6·¹³ffll¹g{t¹¹·
447 1755 560 1782 terunt
572 1750 682 1781 divina
696 1751 825 1788 iudicia,
839 1762 922 1792 quac
936 1762 954 1782 a
968 1751 1131 1783 soliditate
1144 1751 1354 1782 confessionis
1366 1751 1563 1792 apostolicae
1577 1756 1698 1792 petrae,
1713 1752 1868 1782 adversus
1880 1762 1983 1792 quam
1994 1751 2091 1782 inferi

448 1808 570 1846 portae,
588 1804 618 1834 id
637 1809 686 1835 est
703 1805 923 1845 suggestiones
939 1804 991 1835 vel
1008 1804 1211 1846 operationes
1229 1815 1357 1845 pravae,
1370 1815 1435 1835 non
1454 1804 1699 1845 praevalebunt,
1711 1805 1856 1836 dictante
1872 1804 2000 1836 iustitia
2018 1815 2090 1845 pro-

446 1858 600 1889 ferentur.
2085 1899 2087 1901 ·
2113 1863 2141 1883 30

516 1910 730 1951 Epistulam?
757 1922 858 1951 quam
885 1911 963 1941 mihi
988 1911 1167 1942 auctoritas
1191 1913 1298 1941 vestra
1323 1920 1400 1940 cum
1425 1909 1643 1941 obtestatione
1664 1911 1828 1952 praecepit
1845 1910 1995 1942 Rothado
2014 1910 2089 1941 diri-

447 1975 528 2004 gere,
547 1964 687 1994 domnus
707 1967 815 1994 noster
832 1975 889 1994 rex
908 1963 994 1994 filius
1011 1968 1128 2000 vester,
1149 1974 1227 1994 mox
1245 1966 1283 1994 ut
1299 1963 1341 1994 ad
1358 1974 1436 1994 eum
1452 1963 1555 2000 venit,
1576 1975 1631 2005 per
1649 1963 1803 1995 abbatem
1822 1975 1921 1995 suum
1937 1963 2088 1994 Rothado

446 2018 574 2048 direxit.
590 2016 751 2049 Rodulfus
766 2027 903 2057 quoque,
915 2017 1061 2048 eiusdem
1077 2016 1134 2047 filii
1143 2016 1242 2047 vestri
1257 2017 1369 2047 domni
1386 2017 1488 2047 nostri
1504 2017 1585 2057 regis
1601 2017 1806 2048 avunculus⁵
1830 2017 1892 2048 ΙΙΙ.
1905 2017 1983 2048 Idus
2000 2027 2088 2047 nunc

446 2069 546 2111 elapsi
568 2070 687 2100 mensis
706 2070 915 2101 Decembris⁶
935 2082 953 2101 a
977 2070 1186 2102 Hludouuico
1209 2069 1400 2101 Germaniae
1422 2080 1492 2110 rege
1514 2074 1688 2107 revertens,
1710 2082 1787 2101 cum
1808 2070 1901 2102 valde
1922 2070 2048 2111 Vesperi
2068 2080 2087 2100 a

446 2127 532 2154 corte
548 2123 628 2163 regis
645 2124 746 2154 nostri
760 2124 800 2154 ad
819 2123 1002 2154 mansiones
1018 2127 1145 2154 nostras
1159 2134 1256 2164 super
1272 2122 1411 2154 fluvium
1428 2123 1568 2163 Ligerim
1583 2134 1674 2153 secus
1688 2123 1870 2154 confinium
1885 2123 1974 2164 regni
1987 2123 2087 2164 Aqui·
2111 2129 2138 2148 3⁵

447 2176 554 2206 taniae
575 2177 791 2209 festinarem&
810 2177 899 2207 misit
917 2177 957 2207 ad
980 2188 1029 2208 me
1049 2177 1218 2207 hominem
1237 2187 1335 2207 suum
1356 2176 1486 2207 nomine
1501 2176 1694 2213 Rodulfum,
1712 2177 1883 2214 mandans,
1899 2177 1975 2218 quia
1996 2187 2086 2217 prae-

447 2230 535 2259 fatus
549 2240 605 2259 rex
621 2228 850 2260 Hludouuicus
863 2231 1029 2270 quendam
1043 2230 1210 2260 hominem
1223 2229 1365 2260 Rothadi
1378 2240 1456 2260 eum
1470 2229 1615 2270 epistolis
1630 2233 1754 2260 vestrae
1770 2230 1958 2261 sanctitatis
1973 2229 2086 2260 manui

446 2286 479 2312 et
496 2281 567 2312 fidei
585 2293 661 2313 suae
676 2283 852 2320 commisit,
869 2283 1026 2323 quatinus
1042 2284 1089 2314 ita
1104 2284 1145 2314 ad
1162 2283 1381 2324 praesentiam
1396 2282 1509 2313 domni
1526 2283 1627 2313 nostri
1644 2283 1724 2323 regis
1744 2283 1856 2314 Karoli
1872 2294 1949 2314 cum
1964 2283 2086 2314 eisdem

447 2334 591 2376 epistolis
606 2346 682 2365 eum
699 2336 898 2376 perduceret,
916 2340 954 2366 ut
970 2335 1242 2380 nullummalum
1257 2337 1285 2367 ei
1301 2336 1443 2367 inferret.
1460 2335 1534 2366 Ests
1549 2335 1638 2366 enim
1653 2336 1742 2377 apud
1757 2337 1919 2367 domnum
1935 2340 2085 2367 nostrum

446 2399 552 2427 regem
573 2388 659 2418 idem
680 2388 775 2418 homo
795 2393 977 2426 accusatus,
998 2390 1085 2429 quod
1107 2389 1279 2420 fraudatus
1299 2389 1342 2420 sit
1363 2400 1410 2419 res
1431 2393 1464 2419 et
1483 2389 1676 2420 thesaurum
1696 2389 1846 2420 ecclesiae.
1867 2394 1900 2420 et
1921 2392 1995 2430 post
2016 2400 2085 2430 per·
2109 2393 2137 2413 40

530 2540 552 2567 ³)
568 2539 629 2561 mihi
644 2539 752 2562 εει-11111010
767 2539 866 2569 dignati
880 2542 909 2566 *L*
923 2539 1090 2563 scriberemus
1104 2540 1204 2572 dignati
1219 2539 1258 2564 1¹³.
1351 2539 1375 2569 b)
1394 2540 1518 2563 habemus
1536 2537 1574 2563 1¹³.
1658 2542 1681 2569 C)
1700 2540 1770 2563 Fchlt
1788 2542 1809 2564 1.
1894 2539 1918 2570 d)
1939 2540 2045 2568 (legetur
2062 2541 2084 2564 1.

449 2585 471 2610 e,
493 2582 643 2605 festinarent
666 2584 687 2606 1,
709 2584 737 2609 2,·
757 2583 936 2607 festinaremus
956 2582 996 2607 3b.
1082 2582 1100 2613 r)
1122 2585 1156 2608 Et
1179 2587 1199 2608 I.

538 2680 562 2709 1)
583 2679 610 2703 ιδ’.
635 2679 696 2703 omn
721 2680 748 2703 Ν,
763 2679 815 2704 157
838 2680 871 2704 A.
886 2680 909 2704 1.
1024 2681 1050 2711 2)
1070 2681 1125 2713 Vssl.
1149 2681 1213 2706 oben
1236 2681 1285 2706 Nr.
1299 2681 1351 2706 165
1373 2681 1401 2706 S.
1415 2680 1475 2706 143.
1577 2681 1603 2711 3)
1627 2680 1695 2705 Deru.
1716 2681 1802 2705 &inne
1824 2681 1891 2706 nach
1912 2680 2021 2706 ‹ilmlichs
2039 2680 2085 2705 hat

448 2722 614 2747 Nifflvlausl.
634 2725 723 2755 spatas
746 2724 771 2747 in
795 2723 840 2748 der
861 2724 1064 2756 [inueleyrultcil
1086 2725 1207 2757 Wulijs
1227 2734 1261 2750 rm
1286 2725 1424 2750 Hinkmar
1444 2724 1618 2757 qeschrieben.
1642 2724 1705 2749 MG.
1729 2725 1816 2757 Episz.
1838 2725 1885 2753 VJ,
1908 2724 1960 2750 429
1980 2725 2008 2749 Z.
2024 2724 2081 2756 26j.

447 2767 495 2791 Ns.
511 2768 552 2791 M).
645 2768 671 2798 4)
697 2767 759 2792 MG.
777 2768 863 2800 Episl.
878 2768 924 2795 Vl,
940 2768 1015 2800 5737.
1039 2769 1087 2793 Nr.
1102 2769 1143 2794 62.
1239 2771 1266 2801 5)
1287 2769 1342 2802 Vql.
1363 2769 1425 2794 oben
1447 2769 1474 2793 S.
1489 2768 1523 2793 63
1535 2769 1565 2793 Ζ.
1579 2769 1637 2801 3:51‘.
1659 2768 1715 2793 und
1730 2769 1763 2794 Α.
1778 2770 1801 2794 δ’,
1897 2770 1923 2800 6)
1944 2769 1998 2801 Vql.
2020 2769 2084 2793 oben
2107 2772 2133 2792 45

447 2812 474 2834 Ν.
490 2810 540 2835 144
561 2811 594 2835 Α.
610 2811 631 2835 ¹3.
