2220 3192
712 258 898 285 HINKMAR
919 260 995 286 VON
1016 261 1135 287 REIMS
1157 262 1215 287 199.
1720 261 1781 290 219

146 346 264 384 ceptus
290 346 323 372 et
348 342 578 374 honorabiliter
603 344 744 382 habitus,
766 357 932 388 usquequo
951 348 1072 379 domno
1093 353 1201 380 nostro
1221 350 1285 390 regi
1308 350 1427 382 Karolo
1447 351 1517 392 ipso
1539 355 1669 392 petente
1688 351 1782 383 illum

143 394 383 427 commendavi.
414 395 578 426 Defuncto
599 401 712 428 autem
730 398 841 430 Ebone
862 410 948 431 anno
970 401 1202 433 incarnationis
1222 403 1403 434 dominicae
1421 403 1583 435 DCOOLI.
1606 404 1782 435 indictione

148 448 262 480 XIIII.
286 447 383 479 XIII.
406 447 481 480 Kal.
501 448 634 490 April.1,
653 451 731 491 quia
751 452 889 493 praefati
908 453 1022 484 fratres
1043 455 1145 486 nostri
1163 455 1204 486 ab
1223 466 1260 486 eo
1279 457 1431 494 ordinati,
1451 457 1507 498 qui
1530 468 1658 488 mecum
1676 461 1780 495 erant,

146 505 220 543 post
236 511 339 533 annos
354 501 481 532 circiter
497 505 571 532 octo
588 513 665 534 suae
681 503 722 534 ab
738 504 844 535 officio
862 507 1093 547 suspensionis,
1110 519 1197 538 anno
1214 508 1336 540 scilicet
1352 510 1585 541 incarnationis
1601 510 1781 541 dominicae

106 563 118 581 5
144 554 356 591 DCCCLIII„
371 565 422 585 me
434 554 611 595 petierunt,
620 555 741 587 eisdem
754 557 908 588 iratribus
919 559 960 589 ad
971 560 1149 599 synodum2
1161 561 1205 591 ire
1218 562 1368 602 permisia
1379 566 1412 593 et
1423 563 1482 599 his,
1491 563 1547 604 qui
1559 563 1781 604 indiguerunt,

92 834 118 853 1⁰

94 1098 119 1116 15

90 1896 117 1914 30

90 2160 117 2180 35

89 2427 116 2445 40

91 2811 119 2829 45

145 607 328 639 subsidium
349 607 577 644 necessarium,
602 612 640 638 ut
659 609 701 639 ad
721 609 832 650 ipsum
851 611 1028 643 concilium
1049 613 1135 643 sineb
1155 614 1351 646 difficultate
1372 615 1417 646 ire
1438 619 1580 656 possent,
1605 616 1782 647 ministrari

145 660 303 702 praecepi.
334 660 398 692 Ubi
418 671 472 691 eos
492 661 570 690 non³
597 665 721 692 iudicavi
745 674 838 700 neque
858 667 945 694 deieci
966 677 1016 694 nec
1036 670 1124 695 etiam
1145 678 1209 695 cum
1236 671 1376 698 iudicibus
1396 680 1493 697 eorum
1520 673 1681 706 subscripsi,
1708 673 1782 699 sicut

144 720 249 744 norunt
269 718 316 751 qui
334 717 526 743 interfuerunt
544 720 574 743 et
592 718 654 751 ipsa
672 719 843 752 episcopalia
861 723 950 753 gesta,
969 728 1052 758 quae
1070 719 1237 750 autentica
1255 731 1333 751 cum
1351 721 1642 762 subscriptionibus
1661 722 1780 763 episco—

146 778 275 809 porum,
294 767 352 808 qui
369 767 415 797 eis
433 766 706 808 subscripserunt,
726 768 795 799 sine
816 779 886 800 mea
905 769 1141 812 subscriptione
1161 773 1335 812 praeterito
1354 774 1462 804 ann0⁴¹
1481 774 1515 805 in
1534 775 1655 815 synodo
1674 778 1781 806 vestra

143 820 340 852 auctoritate
357 820 462 861 apude
482 819 669 851 Suessiones
686 821 797 852 habita
815 822 953 860 ostendi,
971 823 1209 856 demonstrant.

232 873 276 904 Et
290 878 425 910 quoniam
438 885 559 903 canones
574 877 742 911 posteriores
756 879 944 905 anterioribus
957 880 1057 905 iubent
1069 880 1186 911 deferre,
1202 878 1476 919 praecipientibus
1489 879 1609 911 eisdem
1623 880 1781 921 episcopis

144 939 209 956 cum
228 938 325 956 eorum
344 930 456 960 litteris,
479 938 599 964 quarum
618 930 764 964 exemplar
783 931 920 958 habemus
940 934 969 958 et
990 941 1060 966 quas
1078 934 1108 959 in
1129 934 1258 960 Romano
1278 935 1379 960 scrinio
1398 936 1518 961 inveniri
1539 944 1619 969 posse
1638 937 1781 968 existimo,

144 992 209 1010 cum
229 984 298 1009 meis
318 991 368 1017 pro
388 992 487 1009 eorum
507 984 645 1017 petitione
665 983 768 1009 litteris
787 987 818 1010 et
838 993 902 1011 cum
923 985 984 1011 aliis
1005 986 1190 1019 petitionibus
1211 988 1280 1012 meis
1300 987 1337 1013 ad
1356 988 1452 1013 sedem
1472 989 1657 1022 apostolicam
1676 989 1782 1016 domno

144 1045 234 1071 papae
248 1037 335 1063 Leoni
348 1045 398 1071 pro
411 1036 612 1063 confirmandis
624 1045 723 1063 eorum
735 1038 830 1070 gestis,
845 1046 917 1071 quae
930 1047 987 1064 non
1000 1039 1107 1072 scripsi,
1121 1047 1165 1065 me
1178 1039 1312 1066 direxisse
1325 1049 1381 1066 non
1394 1041 1510 1074 denego.
1534 1041 1569 1066 In
1583 1042 1684 1075 quibus
1696 1043 1781 1075 gestis

144 1098 241 1116 veram
263 1090 457 1124 praefatorum
479 1089 601 1116 fratrum
624 1091 851 1124 prosecutionem
873 1091 1024 1117 adversum
1046 1100 1091 1118 me
1113 1092 1224 1118 silentio
1246 1101 1302 1118 non
1324 1093 1444 1119 firmavi.
1479 1094 1561 1119 Unde
1582 1103 1618 1120 ex
1640 1095 1781 1121 communi

144 1151 281 1170 consensu
296 1143 452 1169 secundum
467 1151 598 1174 canones,
614 1144 688 1170 sicut
702 1152 750 1170 eos
764 1144 964 1175 intelleximus,
980 1144 1086 1171 iudices
1101 1146 1252 1179 postulavi.
1285 1146 1410 1177 Quorum
1424 1147 1596 1172 sententiam
1610 1148 1782 1180 sequendam

144 1196 212 1227 vidi,
227 1205 375 1230 usquequo
391 1197 504 1223 maioris
519 1197 700 1223 auctoritatis
715 1196 797 1223 aliter
810 1198 912 1223 exinde
926 1197 1127 1224 diffinitionem
1141 1200 1304 1232 acciperem.
1331 1199 1456 1233 Recepta
1470 1202 1567 1225 autem
1580 1200 1677 1226 domni
1693 1209 1782 1234 papae

144 1250 245 1276 Leonis
263 1251 443 1276 excusatoria
457 1250 604 1283 epistolad,
621 1258 670 1276 cur
688 1250 788 1276 eadem
806 1253 886 1284 gesta
908 1260 964 1277 non
985 1251 1194 1278 confirmaverit
1206 1268 1248 1271 —
1262 1252 1357 1278 dicens
1376 1253 1450 1278 inter
1470 1255 1574 1278 cetera:
1597 1252 1711 1283 Causas,
1732 1261 1781 1287 pro

144 1303 246 1336 quibus
265 1303 319 1329 hoc
333 1311 422 1336 usque
442 1303 478 1329 ad
493 1306 607 1337 tempus
626 1303 834 1337 suspendimus,
850 1305 963 1330 caritati
978 1308 1088 1330 vestrae
1102 1305 1236 1331 dicemus.
1264 1305 1358 1331 Prima
1371 1306 1457 1339 igitur
1471 1306 1539 1331 haec
1552 1308 1604 1336 est,
1620 1306 1694 1339 quia,
1710 1306 1783 1332 sicut

91 1365 103 1382 2
143 1356 181 1383 ab
194 1357 333 1390 episcopis
348 1357 565 1390 praenominata
579 1356 706 1390 synodus
720 1357 829 1383 utiliter
843 1357 982 1384 ventilata
996 1359 1055 1383 sive
1070 1359 1164 1391 sopita
1177 1360 1230 1388 est,
1241 1358 1282 1384 ita
1296 1367 1346 1392 per
1359 1358 1467 1392 aliquos
1482 1367 1517 1384 ex
1530 1359 1578 1389 eis,
1594 1361 1627 1384 ut
1640 1358 1782 1385 dubitatio

143 1410 219 1436 soret
236 1409 372 1436 radicitus
389 1409 498 1441 evulsa,
516 1412 628 1436 statuta
646 1412 757 1436 vestrae
775 1411 876 1444 synodi
894 1411 1035 1437 destinare
1053 1411 1203 1441 debuistis;
1222 1412 1355 1442 nescienS,
1375 1412 1440 1445 quia
1458 1420 1508 1437 nos
1527 1412 1736 1445 metropolitani
1753 1412 1782 1437 in

143 1464 205 1489 istis
223 1463 385 1497 regionibus
404 1471 461 1490 11011
479 1463 617 1490 habemus
636 1466 819 1497 potestatem,
838 1466 872 1489 ut
888 1464 948 1489 sine
966 1472 1102 1490 consensu
1119 1464 1164 1490 vel
1182 1465 1303 1490 iussione
1320 1465 1391 1498 regis
1408 1467 1459 1490 aut
1476 1473 1526 1490 nos
1543 1465 1596 1498 ipsi
1613 1465 1653 1490 ire
1670 1467 1720 1490 aut
1738 1473 1781 1490 co-

143 1517 290 1550 episcopos
310 1519 422 1542 nostros
443 1524 588 1550 quoquam
608 1516 718 1550 longius
738 1518 878 1550 possimus
897 1517 1023 1551 dirigere.
1058 1517 1213 1543 Subiunxit
1232 1520 1329 1543 autem
1348 1518 1423 1543 idem
1443 1517 1571 1551 pontifex
1590 1518 1619 1543 in
1639 1518 1696 1544 suis
1715 1526 1781 1551 apo-

143 1570 249 1596 stolicis
268 1569 371 1595 litteris
390 1570 499 1596 dicens:
520 1569 583 1596 Alia
602 1572 699 1596 autem
718 1570 800 1596 iuxta
819 1573 920 1596 votum
940 1571 1026 1596 vestri
1045 1571 1174 1596 desiderii
1193 1571 1222 1596 id
1242 1579 1292 1597 nos
1311 1570 1441 1604 perficere
1462 1571 1575 1596 minime
1595 1571 1730 1604 permisit,
1749 1579 1782 1596 eo

92 1630 103 1648 2
143 1623 220 1657 quod
238 1623 324 1657 legati
342 1623 416 1649 sedis
435 1623 607 1657 apostolicae
626 1626 788 1657 praesentes
807 1623 912 1649 ibidem
932 1632 988 1649 non
1006 1623 1122 1649 suerunt
1140 1632 1231 1657 neque
1250 1624 1401 1658 imperialis
1420 1623 1539 1657 epistola
1558 1624 1638 1649 nobis
1656 1624 1721 1649 talis
1739 1626 1783 1649 est

143 1679 334 1710 praesentata,
351 1685 423 1710 quae
440 1677 502 1707 hoc,
520 1676 596 1710 quod
612 1677 805 1710 expetendum
822 1678 947 1707 misistis,
963 1677 1123 1711 specialiter
1137 1677 1261 1703 indicare
1277 1677 1423 1711 potuisset.
1456 1676 1563 1708 Quarta
1578 1677 1684 1703 scilicet
1699 1685 1783 1702 causa

143 1730 212 1756 haec
227 1733 279 1760 est,
297 1729 364 1763 quia
379 1730 418 1761 hi,
435 1738 505 1763 quos
521 1730 665 1764 depositos
681 1731 785 1756 caritas
801 1733 897 1757 vestra
912 1731 1085 1757 auctoritate
1100 1731 1201 1764 synodi
1217 1730 1276 1756 fore
1292 1730 1434 1760 adfirmat,
1451 1739 1500 1764 per
1515 1730 1659 1763 propr-iaso
1674 1729 1783 1755 litteras

142 1783 239 1809 sedem
257 1783 444 1817 apostolicam
463 1783 598 1817 appellati
617 1786 685 1809 sunt
702 1786 732 1809 et
751 1783 853 1809 volunt
870 1784 975 1810 iterum
994 1787 1090 1810 nostra
1108 1792 1137 1809 se
1156 1783 1312 1817 apostolica
1330 1784 1421 1809 audiri
1440 1783 1598 1816 praesentia
1616 1786 1646 1808 et
1663 1784 1741 1812 tunc,
1760 1783 1782 1807 si

143 1836 297 1870 culpabiles
310 1837 420 1862 inventi
435 1836 550 1867 fuerint,
566 1844 623 1862 non
637 1845 666 1862 se
681 1836 813 1862 abnuunt
827 1837 993 1863 canonicam
1007 1838 1143 1863 sustinere
1159 1844 1306 1863 censuram
1318 1846 1373 1862 —:
1391 1838 1422 1862 et
1438 1838 1590 1870 postquam
1604 1835 1655 1861 has
1673 1835 1783 1861 litteras

142 1890 239 1916 domm·
259 1898 350 1923 papae
371 1890 472 1915 Leonis
491 1890 596 1923 accepi,
621 1890 696 1916 sicut
716 1891 785 1916 mihi
804 1890 939 1921 innotuit,
959 1890 1082 1916 domnus
1103 1890 1269 1916 HIotharius
1289 1892 1404 1923 petente
1420 1889 1546 1922 quodam
1560 1889 1690 1922 episcopo
1707 1888 1782 1921 regni

142 1944 194 1974 sui,
218 1944 266 1976 qui
288 1943 381 1969 adhuc
404 1943 487 1973 vivit,
511 1951 560 1977 per
583 1943 699 1969 Petrum
721 1943 864 1970 Aritinum
887 1944 1050 1977 episcopum
1072 1943 1200 1977 praefato
1223 1942 1328 1969 domno
1354 1950 1444 1976 papae
1468 1941 1624 1972 mandavit,
1649 1943 1682 1967 ut
1704 1943 1783 1974 gesta

142 1997 338 2030 episcoporum
353 1996 388 2022 de
402 1996 509 2022 eisdem
524 1996 630 2022 clericis
645 2005 702 2022 non
718 1996 852 2023 firmaret.

240 2049 317 2080 Quae
332 2058 397 2076 cum
419 2049 456 2076 ad
478 2049 579 2075 fratres
601 2052 631 2075 et
654 2051 834 2084 coepiscopos
861 2052 972 2075 nostros
998 2048 1090 2079 retuli,
1116 2048 1282 2082 rogantibus
1301 2049 1340 2073 eis
1366 2047 1442 2081 apud
1463 2047 1645 2073 fflotharium
1663 2047 1781 2079 impera-

142 2104 234 2128 torem
248 2102 399 2136 epistolam
412 2103 514 2128 exinde
528 2103 590 2136 ipso
604 2111 640 2129 ex
654 2104 750 2129 animo
764 2103 900 2137 largiente
916 2111 965 2136 per
980 2103 1078 2128 missos
1094 2110 1170 2128 meos
1183 2101 1294 2135 optinui
1300 2100 1318 2131 ¹,
1334 2100 1382 2126 ubi
1395 2101 1470 2126 inter
1483 2102 1576 2126 cetera
1590 2100 1631 2125 ita
1646 2099 1783 2132 scriptum

142 2155 277 2182 habetur:
299 2155 354 2182 Sed
372 2155 409 2182 ad
425 2158 538 2182 nostras
557 2157 709 2190 petitiones
727 2156 907 2189 exequendas
934 2158 963 2181 et
984 2155 1153 2189 optinendas
1175 2155 1291 2180 Petrum
1311 2153 1500 2179 venerabilem
1520 2155 1550 2178 et
1570 2152 1783 2178 dilectissimum

142 2208 224 2235 nobis
246 2209 439 2243 Spolitinumss
466 2210 631 2243 episcopum
652 2210 719 2236 viva
747 2218 816 2236 voce
840 2212 937 2235 nostra
957 2203 1043 2235 viceh
1066 2210 1245 2234 executorem
1269 2207 1464 2233 instruximus.
1491 2206 1531 2232 Et
1554 2206 1641 2231 alium
1656 2205 1781 2235 Petrum,

142 2262 333 2288 venerabilem
358 2271 446 2296 aeque
472 2265 502 2288 et
528 2263 759 2289 amantissimum
785 2263 950 2296 episcopum
974 2262 1126 2291 Aritinum,
1156 2261 1259 2286 fitteris
1282 2260 1507 2286 commonuimus
1537 2260 1567 2284 et
1597 2258 1666 2285 alios
1688 2257 1782 2283 fideles

142 2318 251 2342 vestros
265 2310 369 2349 atque¹
383 2318 494 2342 nostros
508 2316 638 2342 similiter
650 2316 716 2341 inde
733 2316 903 2346 monuimus,
917 2318 947 2341 et
968 2315 1083 2348 reliqua.
1112 2314 1213 2347 Sicque
1228 2321 1292 2339 cum
1306 2314 1362 2339 ista
1376 2312 1496 2346 epistola
1516 2314 1545 2336 et
1560 2320 1625 2337 cum
1644 2311 1782 2344 legatione

141 2368 321 2402 imperatoris
342 2377 391 2403 per
411 2369 574 2403 praefatum
601 2369 793 2395 venerabilem
814 2369 978 2402 episcopum
1000 2369 1099 2394 missos
1121 2375 1197 2393 meos
1218 2375 1283 2393 cum
1308 2366 1420 2396 litteris,
1448 2371 1590 2402 quarum
1616 2359 1783 2400 exemplar

141 2418 255 2455 habeo,
277 2418 315 2449 de
338 2418 496 2459 petitione
517 2419 748 2459 episcoporum
768 2422 802 2449 et
823 2419 861 2449 de
883 2417 954 2449 aliis
976 2417 1055 2448 meis
1075 2416 1288 2458 petitionibus
1308 2420 1430 2445 Romam
1448 2418 1548 2448 direxi,
1569 2417 1670 2450 quibus
1688 2417 1717 2442 in
1736 2417 1783 2442 via

142 2476 259 2501 nuntius
278 2476 358 2501 venit
376 2475 411 2501 de
429 2475 510 2502 obitu
530 2484 622 2509 papae
642 2475 750 2501 Leonis.

233 2528 431 2554 Pervenientes
445 2531 543 2555 autem
557 2529 680 2555 Romam
694 2536 759 2554 cum
772 2527 908 2561 praefatis
921 2527 1024 2552 litteris
1037 2529 1066 2552 et
1079 2525 1334 2552 intervenientibus
1347 2524 1500 2558 praedictis
1513 2523 1650 2556 episcopis
1663 2522 1782 2548 domnus

143 2581 255 2606 nomine
273 2583 303 2607 et
320 2582 413 2615 gratia
432 2581 602 2607 Benedictus
622 2581 691 2607 mihi
711 2580 787 2614 quod
806 2581 896 2606 nostis
914 2580 1095 2614 privilegium
1111 2579 1177 2605 inde
1195 2578 1308 2604 direxit.
1340 2577 1487 2611 Synodum
1505 2579 1602 2602 autem
1620 2583 1670 2608 pro
1688 2583 1781 2607 saepe-

224 2676 248 2704 ἱὃ)
266 2675 384 2705 permissi
399 2674 428 2698 C.
517 2673 542 2705 ὓ)
563 2670 718 2704 Uberqeschr.
735 2673 764 2697 0.
854 2675 878 2703 c)
897 2672 964 2696 Verbr
987 2675 1046 2696 stan
1069 2676 1134 2703 aput
1157 2673 1186 2696 0.
1278 2670 1303 2701 d)
1319 2671 1430 2702 epistola
1447 2670 1476 2694 0.
1568 2671 1591 2698 e)
1610 2669 1734 2699 propitias
1753 2668 1781 2691 C.

143 2717 163 2747 Ι)
181 2718 283 2742 obtinui
297 2718 326 2742 C.
408 2720 431 2747 Β)
449 2718 515 2742 Verb.
529 2727 560 2742 zu
575 2718 744 2749 Spoletanum
758 2718 787 2741 C.
868 2716 894 2746 h)
912 2716 978 2740 Verb.
993 2724 1040 2740 aas
1053 2724 1116 2740 voce
1130 2716 1159 2740 O.
1241 2714 1260 2745 ι)
1278 2718 1290 2739 t
1303 2714 1451 2745 raberyeschr.
1471 2714 1500 2737 C.

236 2808 260 2837 l)
282 2806 325 2831 20.
340 2806 419 2831 Mar:
436 2806 497 2831 851.
593 2807 620 2837 2)
641 2806 767 2831 δοῖ-930113
784 2805 844 2830 853,
931 2804 958 2835 3)
983 2803 1038 2836 Vql.
1056 2803 1120 2828 oben
1137 2803 1253 2828 Nr.184
1276 2802 1304 2827 S.
1319 2802 1370 2827 175
1391 2802 1422 2826 Z.
1436 2801 1480 2833 41.
1574 2801 1601 2831 4)
1622 2799 1663 2824 13.
1678 2798 1782 2830 August

143 2850 204 2876 866.

1521 2897 1571 2922 28*

1809 357 1882 388 867.
