2220 3192
54 797 81 817 10

54 1062 81 1083 15

53 1328 80 1349 20

54 1593 82 1614 25

57 1859 85 1880 80

57 2123 84 2144 85

57 2425 83 2444 40

57 2635 84 2656 45

683 221 869 246 HINKMAR
889 221 967 247 VON
988 220 1106 247 REIMS
1129 221 1187 246 136.
1712 217 1752 247 95

105 315 242 340 mentum.
267 310 341 337 Sed²
360 311 461 345 proles,
483 319 540 337 non
560 314 593 337 ut
612 317 776 338 nascantur
797 316 922 344 tantum,
945 322 1044 340 verum
1064 314 1153 340 etiam
1174 317 1207 339 ut
1228 316 1429 339 renascantur.
1453 312 1586 339 Nascitur
1607 312 1752 345 namqueb
1777 310 1851 340 860.

104 365 140 393 ad
153 373 284 399 poenam,
298 364 354 390 nisi
367 366 535 390 renascatur
548 363 585 390 ad
600 365 700 390 vitam.
716 365 799 391 Fides
813 369 920 397 autem,
934 374 992 392 non
1007 366 1120 400 qualem
1134 365 1242 392 habent
1255 367 1330 392 inter
1343 374 1372 392 se
1385 366 1474 392 etiam
1487 365 1614 391 infideles
1628 365 1752 391 zelantes

103 426 224 445 carnem.
248 416 316 448 Quis
333 417 411 443 enim
428 417 473 443 vir
491 416 650 450 quamlibet
666 417 771 450 impius
789 418 852 444 vult
870 418 1030 445 adulteram
1047 421 1185 445 uxorem?
1205 419 1264 445 Aut
1282 427 1353 453 quae
1372 419 1472 446 mulier
1489 418 1647 452 quamlibet
1664 418 1752 452 impia

102 471 165 497 vult
180 469 344 497 adulterum
359 470 475 496 virum?
500 469 562 495 Hoc
578 466 682 496 enim‘³
696 470 725 495 in
742 470 863 496 conubio
880 471 987 497 bonum
1002 472 1131 498 naturale
1147 475 1191 498 est
1207 471 1331 506 quidem,
1348 471 1460 498 carnale
1476 474 1583 502 tamen,
1599 471 1649 497 sed
1665 480 1751 497 mem-

105 524 187 551 brum
197 522 370 550 Christiani
385 522 511 556 coniugis
525 521 660 548 adultero
675 523 787 556 coniugi
801 523 886 549 debet
900 524 1009 555 timere,
1020 533 1077 550 non
1091 525 1154 555 sibi,
1169 528 1199 550 et
1213 534 1229 550 a
1243 524 1355 551 Christo
1370 533 1481 559 sperare
1496 524 1578 550 fideid
1594 525 1753 558 praemium

103 572 271 615 quodlibet
292 575 414 609 coniugi.
437 574 656 602 Sacramentum
676 583 753 605 vem,
776 575 852 608 quod
872 584 924 602 nec
945 578 1069 610 separati
1089 580 1118 603 et
1139 577 1293 604 adulterati
1314 578 1464 608 amittunt,
1486 578 1617 611 coniuges
1639 585 1751 604 concor-

103 629 176 656 diter
194 632 327 662 casteque
345 628 519 655 custodiant.
540 627 638 654 Solum
654 630 698 654 est
714 628 801 658 enim,
820 628 896 662 quod
913 629 1002 655 etiam
1018 630 1112 656 sterile
1131 631 1292 664 coniugium
1310 633 1389 656 tenet
1405 631 1468 656 iura
1485 631 1610 664 pietatis,
1628 631 1686 657 iam
1703 639 1751 664 spe

103 682 287 709 fecunditatis
304 682 418 712 amissa,
437 683 554 715 propter
571 689 659 714 quam
676 680 771 707 fuerat
789 681 963 714 copulatum.
983 681 1061 708 Haec
1079 682 1154 708 bona
1171 683 1311 716 nuptialia
1329 683 1427 709 laudet
1443 684 1472 709 in
1490 684 1609 717 nuptiis,
1627 684 1675 717 qui
1692 683 1751 710 lau-

102 735 168 762 dare
192 735 256 761 vult
277 735 403 768 nuptias.
426 730 488 762 Εῒιθ
511 730 546 762 in
565 730 681 762 Genesi
697 730 738 761 ad
756 729 935 762 litteram1:
959 734 1039 765 Quod
1058 734 1164 761 bonum
1180 735 1288 762 habent
1304 737 1421 769 nuptiae
1437 739 1467 763 et
1484 737 1560 771 quod
1577 736 1668 762 bonae
1684 740 1752 762 sunt

101 789 227 822 nuptiae,
251 791 401 821 peccatum
423 795 483 813 esse
506 795 665 820 numquam
687 789 792 820 potest.
823 787 885 812 Hoc
908 789 1006 813 autem
1028 788 1205 820 tripertitum
1226 791 1283 814 est:
1307 788 1384 819 fides,
1408 789 1508 823 proles,
1532 793 1752 816 sacramentum.

101 841 135 868 In
154 840 208 867 fide
226 840 397 871 attenditur,
415 849 450 866 ne
469 843 582 874 praeter
599 840 746 866 vinculum
764 839 909 873 coniugale
928 848 993 866 cum
1011 840 1100 866 altera
1119 840 1178 866 vel¹
1203 841 1292 867 altero
1311 842 1547 873 concumbatur33
1566 843 1595 868 in
1613 843 1699 876 prole,
1719 846 1752 868 ut

103 897 232 922 amanter
253 894 434 928 suscipiatur,
457 893 576 927 benigne
598 893 753 924 nutriatur,
776 893 902 926 religiose
923 893 1073 922 educetur;
1095 894 1124 918 in
1146 897 1334 925 sacramento,
1357 898 1390 920 ut
1412 896 1573 928 coniugium
1593 904 1650 921 non
1672 903 1751 929 sepa-

103 947 196 975 returh
208 949 238 973 et
249 946 382 973 dimissus
394 949 446 973 aut
455 946 572 973 dimissa
584 955 635 973 nec
647 954 732 972 causa
742 946 828 980 prolis
840 946 921 972 alteri
934 946 1130 979 coniungatur.
1145 946 1223 972 Haec
1234 949 1278 972 est
1290 950 1439 980 tamquam
1450 948 1545 981 regula
1564 947 1750 982 nuptiarum1,

105 1009 160 1035 qua
180 1000 226 1026 vel
246 1002 366 1027 naturae
387 999 539 1026 decoratur
559 999 720 1026 fecunditas
741 999 787 1024 vel
806 999 1030 1025 incontinentiae
1051 1000 1158 1032 regitur
1179 1000 1315 1032 pravitas.

190 1050 286 1081 Nunc
300 1051 395 1081 cumk
408 1050 469 1087 his,
491 1060 576 1090 quae
590 1049 696 1080 sancti
709 1049 856 1080 doctores
869 1049 985 1079 dicunt
999 1049 1038 1079 de
1054 1049 1191 1089 nuptiiS‚
1206 1050 1412 1080 conferamus
1427 1049 1585 1090 Stephani
1607 1051 1750 1091 nuptias,

104 1114 168 1134 non
190 1102 348 1134 habentes
369 1113 518 1134 amorem
540 1101 650 1143 prolis,
674 1102 728 1133 sed
751 1101 981 1133 necessitatem
1001 1101 1132 1134 vitandi
1153 1101 1242 1132 exilii
1266 1102 1332 1133 sive
1357 1102 1486 1139 mortis3
1510 1114 1575 1133 non
1596 1102 1752 1134 habentes

104 1156 279 1188 servandae
296 1155 479 1197 coniugalis
495 1156 660 1187 castitatis
679 1154 789 1192 fidem,
810 1155 864 1186 sed
884 1154 1069 1186 incurrendi
1088 1155 1232 1186 incestus
1253 1155 1411 1186 mortiferi
1430 1166 1495 1186 non
1515 1156 1752 1196 parvipenden-

102 1209 184 1241 dum
206 1209 377 1247 timorem;
402 1219 468 1240 non
491 1209 649 1240 habentes
673 1208 945 1249 incorporationis
969 1208 1098 1239 unitate
1122 1208 1242 1239 Christi
1265 1212 1298 1239 et
1321 1208 1472 1240 ecclesiae
1496 1212 1751 1246 sacramentum,

102 1263 155 1294 sed
173 1262 431 1303 superducentes
446 1262 652 1303 turpitudini
667 1261 907 1298 velamentum,
924 1265 1112 1302 totumque,
1129 1262 1218 1302 quod
1235 1261 1269 1291 in
1287 1261 1332 1292 eis
1348 1265 1397 1292 est
1412 1265 1539 1299 actum,
1557 1261 1754 1302 figmentum

102 1315 324 1347 simulationis
344 1315 420 1352 fuit,
442 1326 508 1346 non
527 1315 660 1346 veritas.
688 1315 779 1352 Quae
800 1315 948 1356 nuptiae,
970 1314 1044 1346 licet
1066 1315 1150 1345 inter
1170 1315 1328 1356 ingenuos
1348 1318 1381 1346 et
1401 1315 1486 1346 inter
1504 1314 1678 1355 aequales2
1698 1326 1753 1356 pa-

100 1373 192 1400 terno
212 1369 348 1400 arbitrio
369 1369 639 1410 desponsatione1
658 1372 760 1409 atque
780 1368 975 1399 dotationem
997 1368 1210 1409 praecedente
1232 1368 1373 1399 fuerintn
1392 1367 1584 1405 celebratae,
1605 1368 1753 1399 etiamsi⁰

102 1433 243 1454 sexuum
259 1422 456 1454 commixtio
476 1432 531 1453 eas
550 1421 813 1463 subsequeretur,
833 1421 1016 1461 legitimam
1033 1421 1177 1461 coniugii
1194 1420 1351 1462 copulam
1368 1421 1516 1462 optinere
1536 1432 1602 1452 non
1620 1425 1753 1462 possent

102 1485 159 1507 nec
180 1478 293 1507 ratum
312 1475 509 1516 coniugium
530 1474 673 1506 stabilire
694 1474 853 1512 valerent,
873 1475 955 1516 quin
978 1474 1090 1515 potius
1111 1474 1202 1505 irrita
1223 1474 1335 1505 omnia
1358 1474 1487 1505 fierent:
1508 1474 1667 1515 quoniam
1687 1485 1752 1505 non

103 1529 170 1560 sine
185 1528 391 1570 separatione
406 1532 540 1570 propter
557 1528 700 1560 incestus
715 1528 850 1565 crimen,
861 1528 949 1568 quod
964 1527 1081 1559 habere
1098 1538 1163 1558 non
1180 1530 1289 1569 potest
1301 1527 1419 1559 Christi
1434 1531 1467 1558 et
1483 1527 1632 1558 ecclesiae
1649 1537 1753 1558 sacra-

104 1585 266 1619 mentum,
280 1581 430 1619 vulnera,
444 1592 529 1622 quae
550 1581 807 1613 concumbentes
829 1580 953 1612 inflicta
977 1581 1189 1622 susciperent,
1214 1581 1453 1612 medicamento
1476 1581 1697 1621 paenitentiae
1719 1581 1753 1611 in

101 1635 147 1666 eis
172 1635 300 1666 sanarin
325 1634 487 1671 valerent,
515 1635 618 1666 sicutq
645 1634 880 1675 subsequentes
905 1634 1164 1665 orthodoxorum
1188 1637 1221 1665 et
1247 1633 1398 1665 ecclesiae
1426 1634 1657 1674 magistrorum
1684 1644 1754 1664 sen-

101 1688 225 1719 tentiae
240 1688 552 1720 demonstrabunt&
579 1688 786 1729 Quapropter
801 1687 884 1718 tales
901 1698 966 1718 non
985 1687 1140 1728 mysticae
1158 1698 1262 1728 neque
1281 1686 1398 1728 legales
1414 1687 1448 1718 in
1465 1686 1568 1718 oculis
1583 1687 1659 1717 Deir
1676 1691 1753 1717 sunt

103 1742 250 1783 nuptiae.
286 1741 370 1779 Quia
392 1741 418 1772 si
437 1752 494 1782 per
513 1740 672 1783 Stephani
690 1745 723 1772 et
742 1741 869 1782 puellae
889 1752 953 1771 non
971 1744 1048 1772 ante
1067 1740 1176 1771 Deum
1194 1739 1338 1781 legaliter
1355 1740 1486 1777 ductae,
1505 1740 1559 1771 sed
1580 1740 1682 1780 magis
1698 1739 1754 1770 ab·

102 1794 231 1832 ductae,
251 1795 379 1826 coitum
398 1793 539 1826 carnalis
557 1794 807 1826 commixtionis
819 1805 861 1825 ex
880 1794 931 1825 his
942 1793 1071 1825 duobus
1085 1804 1192 1825 unum
1203 1800 1338 1834 corpus¹³
1353 1792 1545 1829 efficeretur,
1561 1804 1627 1824 non
1642 1803 1754 1824 secun-

101 1848 183 1880 dum
200 1847 351 1889 nuptiale
368 1847 508 1885 bonum,
527 1848 581 1878 sed
599 1848 781 1879 secundum
800 1846 953 1878 incestale
974 1846 1110 1884 malum,
1136 1850 1270 1887 propter
1287 1847 1452 1878 incestum
1471 1845 1630 1887 Stephani
1654 1857 1755 1876 unum

102 1911 220 1942 corpus
239 1900 418 1938 efficerent,
439 1901 525 1932 sicut
545 1901 707 1942 scriptum
726 1905 792 1932 est:
811 1900 895 1938 ‘Qui
913 1900 1046 1931 adheret
1068 1900 1239 1936 meretrici,
1261 1911 1367 1931 unum
1385 1910 1505 1941 corpus
1524 1899 1690 1931 efficitur’.
1708 1899 1753 1930 Et
1770 1909 1789 1927 1.
1801 1907 1849 1928 Cor.
1861 1908 1881 1931 G,
1895 1908 1928 1927 ro,

105 1954 146 1986 sic
170 1953 279 1995 puella
294 1953 335 1986 ab
352 1955 480 1985 incestu
503 1964 582 1985 sana
605 1965 662 1996 per
676 1954 803 1985 coitum
819 1954 931 1985 iuncta
948 1952 1113 1994 Stephano
1131 1953 1307 1984 incestuosi
1321 1963 1394 1984 caro
1411 1952 1501 1983 fieret
1518 1956 1551 1983 et
1567 1951 1754 1994 Stephanus

106 2007 153 2038 illi
172 2007 316 2045 iunctus,
339 2008 424 2039 sicut
444 2011 543 2038 antea
566 2007 753 2044 fornicator,
776 2008 822 2038 ita
843 2011 876 2038 et
898 2010 972 2048 post
992 2006 1260 2038 coniunctionem
1282 2005 1379 2043 illius,
1400 2006 1562 2046 quoniam
1581 2016 1660 2036 cum
1682 2016 1754 2046 pro·

105 2060 228 2102 pinqua
253 2060 322 2092 eius
345 2060 536 2098 concubuit,
555 2061 643 2101 quod
668 2060 818 2092 nondum
841 2064 922 2097 erat,
947 2060 1152 2091 incestuosus
1174 2059 1340 2091 existeret.
1363 2059 1408 2090 Et
1433 2062 1604 2100 propterea
1629 2059 1753 2090 saniore

103 2113 234 2145 consilio
257 2117 291 2145 et
313 2113 441 2155 puellae
464 2114 612 2150 sanitati,
634 2124 717 2155 quae
741 2113 896 2145 necdumt
918 2111 1104 2144 infirmatau
1125 2116 1226 2148 erat¹¹‚
1250 2112 1412 2144 intactam
1433 2123 1507 2143 eam
1529 2122 1660 2143 servans
1682 2122 1754 2153 pro-

103 2166 186 2198 vidit
209 2170 242 2198 et
265 2178 309 2204 se,
334 2178 373 2198 ne
396 2167 528 2208 gravius
550 2166 740 2204 offenderet,
762 2166 894 2198 cautius
917 2166 1098 2197 secundum
1120 2166 1246 2197 Deumv
1270 2166 1386 2196 iuxtaW
1408 2165 1496 2206 quod
1519 2176 1569 2196 res
1590 2165 1753 2196 coniacuit

102 2219 291 2251 custodivit.
319 2220 415 2258 Quia,
433 2220 519 2251 sicut
539 2220 638 2251 sacri¹
657 2231 799 2251 canones
813 2220 929 2250 dicunt
939 2218 962 2255 ³,
990 2218 1056 2249 tale
1082 2218 1263 2250 conubium
1281 2218 1334 2250 vel
1354 2218 1466 2260 potius
1486 2221 1660 2248 adulterium
1686 2218 1754 2248 sine

103 2277 282 2310 separatione
308 2278 416 2303 sanari
442 2284 507 2303 non
530 2277 672 2314 poterat,
698 2273 724 2304 si
747 2271 922 2304 carnaliter
948 2272 1171 2303 miscerentur.
1201 2271 1296 2303 Unde
1321 2271 1443 2303 ibidem
1475 2272 1637 2312 scriptum
1668 2271 1752 2302 est4:

106 2328 147 2355 De
166 2330 281 2356 incestis
301 2330 551 2357 coniunctionibus
572 2329 641 2356 nihil
662 2338 775 2363 prorsus
796 2329 895 2355 veniae
916 2336 1102 2359 reservamus,
1123 2329 1176 2354 nisi
1197 2337 1261 2355 cum
1281 2328 1455 2355 adulterium
1475 2328 1652 2361 separatione
1673 2335 1752 2353 sana-

188 2417 212 2445 8’)
231 2419 261 2439 ut
279 2415 403 2446 einqelstqt
416 2416 445 2440 0.
531 2415 555 2446 b)
569 2419 657 2440 autem
672 2416 701 2439 C.
787 2417 810 2445 θ)
824 2422 876 2438 non
886 2414 922 2441 B,·
940 2414 998 2444 fehlt
1013 2414 1042 2438 C.
1128 2413 1152 2443 (1)
1166 2413 1229 2437 fides
1244 2413 1321 2437 Sir'm.
1401 2415 1424 2443 θ)
1438 2414 1599 2444 Augustinus
1617 2412 1677 2443 (1:92.
1695 2412 1751 2436 oben

106 2458 133 2483 S.
142 2460 173 2484 93
184 2459 213 2483 Z.
222 2460 280 2491 401.
294 2459 350 2484 Var.
361 2461 384 2490 l)
396 2460 429 2484 D.
498 2458 518 2490 ¹)
535 2468 594 2484 cum
604 2460 716 2490 zuqeliiqt
724 2459 756 2483 D.
828 2461 850 2488 g)
870 2459 1030 2482 concubatur
1041 2458 1075 2485 C',·
1085 2466 1109 2482 α.
1120 2458 1150 2482 R.
1161 2466 1205 2482 von
1217 2458 1277 2482 and.
1288 2458 1378 2482 Hand:
1389 2458 1542 2489 Coniugium
1553 2458 1713 2488 tripertitum
1724 2457 1753 2479 Β.

109 2502 133 2533 ¹²)
149 2507 283 2535 reparetur
301 2504 330 2528 0.
415 2502 434 2534 ί)
452 2505 460 2528 i
477 2504 627 2535 eberyeschr.
646 2504 678 2528 D.
766 2502 791 2533 k)
809 2504 878 2527 enim
898 2503 928 2529 Β,
947 2503 981 2530 0,·
998 2502 1056 2533 fehlt
1073 2502 1106 2526 D.
1191 2501 1209 2533 l)
1228 2502 1454 2533 desponsationem
1468 2501 1544 2526 Sirm.
1630 2503 1662 2530 ¹³³)
1681 2501 1752 2524 dota-

108 2548 204 2572 tionem
221 2548 299 2572 Sirvm.
392 2550 417 2579 ¹1)
435 2548 542 2572 fuerunt
560 2548 638 2572 Sirm.
730 2550 754 2577 0)
772 2548 823 2571 iam
842 2547 999 2578 hinzuqeliiqt
1016 2546 1094 2570 Sirm.
1188 2549 1212 2576 D)
1231 2555 1283 2570 non
1300 2546 1424 2577 ez'nqesiiqt
1441 2546 1518 2570 Sirm.
1602 2547 1626 2575 q)
1645 2546 1709 2569 sicut
1726 2558 1754 2562 —

107 2591 323 2616 demonstrabunt
343 2592 387 2624 (Z.
401 2594 450 2624 27)
477 2592 536 2623 fehlt
561 2593 594 2617 D.
704 2594 725 2622 ι’)
746 2592 851 2616 Domini
878 2591 909 2615 B.
1021 2593 1042 2621 s)
1063 2598 1143 2615 unum
1169 2590 1266 2615 danach
1290 2591 1372 2622 qetilqt
1398 2590 1427 2614 O.
1540 2589 1559 2620 t)
1579 2588 1613 2614 dii
1634 2590 1649 2613 ι’)
1675 2597 1704 2613 eo
1724 2589 1752 2612 C.

109 2637 133 2665 ¹¹)
151 2640 304 2667 peccaverat
321 2637 354 2661 D.
440 2640 465 2667 v)
483 2638 625 2661 Dominum
643 2636 671 2661 C.
757 2638 786 2666 W>
804 2637 928 2666 iuxtaque
945 2635 975 2659 Ο.
1062 2638 1086 2665 ¹)
1107 2631 1262 2666 [iberqeschr.
1280 2635 1312 2659 D.

199 2725 223 2756 l)
236 2725 385 2758 Auqustin.
403 2724 434 2750 de
453 2725 551 2750 Genesi
569 2725 604 2750 ad
622 2725 737 2750 litteram
757 2723 812 2753 IX,
833 2724 856 2750 7.
876 2723 957 2756 Corp.
974 2722 1086 2748 Vindob.
1107 2723 1140 2749 28
1159 2732 1187 2757 p.
1200 2724 1214 2748 1
1234 2723 1262 2748 S.
1276 2723 1354 2754 ⁴275f.
1474 2723 1501 2754 2)
1517 2722 1573 2754 Vql.
1592 2721 1657 2747 oben
1676 2720 1704 2746 S.
1717 2720 1751 2745 93

106 2767 136 2792 Ζ.
149 2767 191 2793 34.
304 2769 332 2800 3)
351 2768 379 2794 S.
401 2772 484 2795 zmten
501 2769 532 2794 Z.
546 2770 580 2794 39
600 2769 656 2794 und
676 2769 710 2794 A.
725 2769 749 2794 4.
876 2770 903 2799 4)
924 2767 1024 2793 Kofnzil
1050 2776 1097 2792 von
1127 2767 1200 2800 Aque
1223 2767 1306 2800 (506)
1328 2775 1348 2792 c.
1363 2766 1406 2796 61,
1434 2766 1586 2792 Hinschius
1605 2766 1633 2791 S.
1647 2765 1699 2790 336
1721 2776 1747 2784 z

108 2811 207 2838 Konzil
227 2821 276 2838 von
297 2813 394 2846 Epaon
417 2813 503 2846 (517)
524 2821 545 2839 c.
559 2813 602 2842 30,
622 2813 686 2839 MG.
707 2813 787 2838 Cone.
807 2812 832 2842 l,
852 2812 894 2838 ¹26.
