2220 3192
55 781 82 802 10

55 1047 83 1067 15

55 1313 81 1333 20

56 1578 83 1598 25

58 1843 86 1864 30

56 2108 83 2129 35

57 2405 85 2426 40

59 2625 85 2645 45

675 206 861 232 HINKMAR
881 206 959 233 VON
979 205 1099 232 REIMS
1122 207 1180 232 136.
1708 205 1748 235 99

109 297 275 332 nuptialiter
291 298 334 324 usi
351 301 427 324 sunt.
450 299 557 326 Earum
575 299 678 333 quippe
695 307 762 325 usus
779 299 839 326 itast
855 302 903 325 se⁸
919 299 1015 330 habet,
1030 302 1073 330 ut,
1090 299 1113 324 si
1131 298 1199 332 quid
1214 299 1244 325 in
1260 299 1299 325 eis
1316 307 1365 333 per
1382 299 1474 326 carnis
1492 299 1752 331 commixtionemb,

110 350 186 385 quod
200 350 326 377 excedit
344 352 497 385 generandi
515 352 724 383 necessitatem,
745 353 876 385 quamvis
890 352 1040 379 venialiter
1058 352 1168 378 factum
1187 351 1299 383 faoi-ite,
1321 352 1528 378 contaminatio
1548 352 1594 378 sit.
1613 349 1657 380 Et
1678 354 1753 390 post

108 400 315 442 paululuml:
338 404 451 431 Bonum
469 405 556 438 igitur
574 405 741 438 nuptiarum
756 413 805 439 per
824 413 921 431 omnes
941 408 1038 438 gentes
1058 408 1144 439 atque
1164 405 1279 431 omnesd
1299 405 1428 431 homines
1446 405 1476 431 in
1496 414 1581 432 causa
1600 406 1753 439 generandi

107 459 152 482 est
171 460 201 482 et
219 457 249 482 in
269 456 324 482 fide
345 458 496 484 castitatis.
522 457 604 488 Quod
624 461 721 484 autem
741 457 778 484 ad
798 458 936 492 populum
951 458 1003 484 Dei
1023 458 1156 492 pertinet,
1171 459 1260 485 etiam
1278 459 1308 484 in
1328 459 1482 485 sanctitate
1502 460 1683 490 sacramenti,
1705 468 1754 493 per

109 518 195 543 quam
212 509 292 536 nefas
308 513 352 535 est
368 511 457 536 etiam
472 510 591 543 repudio
607 510 801 536 discedentem
824 510 906 537 alteri
922 511 1037 542 nubere,
1055 511 1124 537 dum
1141 511 1199 536 vire
1213 512 1273 536 eius
1290 511 1373 542 vivit,
1390 520 1441 537 nec
1458 511 1573 538 saltemf
1590 512 1652 545 ipsa
1669 521 1754 539 causa

106 562 244 597 pariendi,
261 570 332 595 quae
347 571 412 589 cum
426 562 486 588 sola
499 563 546 593 sit,
563 571 619 596 qua
632 563 750 596 nuptiae
765 563 847 594 fiunt,
862 572 914 589 nec
927 572 961 589 ea
975 572 1004 590 re
1018 572 1075 589 non
1089 564 1289 597 subsequente,
1304 567 1421 598 propter
1436 572 1523 598 quam
1536 564 1619 596 fiunt,
1633 565 1754 592 solvitur

106 615 253 641 vinculum
273 615 402 648 nuptiale
424 615 477 640 nisi
499 615 624 648 coniugis
647 618 746 641 morte.
768 612 811 643 Et
833 613 949 644 statim
969 612 1009 643 de
1030 613 1235 644 ordinatione
1255 613 1331 644 cleri
1351 614 1393 645 ad
1415 613 1545 655 plebem
1566 615 1752 655 supposuit,

107 664 166 696 sub
179 675 244 705 quo
261 675 356 695 sensu
372 664 406 694 in
421 663 501 695 libro
515 664 554 695 de
569 664 697 704 nuptiis
710 668 743 695 et
756 665 1022 706 concupiscentia
1036 665 1115 696 dicit-
1125 666 1150 696 ²:
1166 669 1214 695 Ita
1228 673 1325 695 manet
1338 671 1426 696 etiam
1440 671 1514 697 'mter
1528 671 1658 697 viventes
1674 672 1753 705 quid-

106 721 174 747 dam
188 721 343 754 coniugale,
360 719 435 754 quod
449 729 500 747 nec
514 721 675 754 separatioss
695 720 764 746 nech
779 729 843 747 cum
857 721 947 747 altero
961 721 1123 754 copulatio¹
1138 723 1229 755 possit
1242 722 1359 749 auferre.
1376 723 1474 749 Manet
1487 726 1584 750 autem
1598 724 1634 750 ad
1647 733 1754 751 noxam

105 774 239 804 criminis,
257 782 314 799 non
332 773 369 800 ad
386 773 533 800 vinculum
549 773 683 803 foederis3
701 773 775 799 sicut
793 776 942 807 apostatae
960 774 1064 804 anima,
1082 781 1166 811 quae
1183 774 1217 800 de
1236 776 1364 808 coniugio
1382 776 1486 802 Christi
1510 776 1642 803 recedens
1665 779 1754 804 etiam

107 826 161 853 fide
182 826 295 860 perdita
315 829 526 853 sacramentum
546 825 611 852 fidei
632 834 689 852 non
711 826 825 859 amisit⁷
842 826 918 859 quod
938 826 1071 853 lavacrok
1085 828 1304 860 regenerationis
1325 829 1457 862 accepitl.
1481 829 1658 857 Redderetur
1677 832 1755 858 enim

106 880 204 914 procul
221 879 309 906 dubio
326 879 466 911 redeunti,
481 880 505 905 si
520 880 686 906 amisissetm
705 879 868 905 abscedens.
886 876 930 906 Et
948 876 982 906 in
998 876 1267 917 praecedentibus
1284 877 1388 918 ipsius
1406 878 1479 909 libri
1495 879 1575 910 dicit
1592 880 1632 911 de
1650 891 1753 912 sacra-

108 933 218 962 mento
240 929 450 970 nuptiarum:
473 933 637 966 Propterea,
658 928 809 969 inquiens
818 929 841 961 ³,
863 935 1074 958 sacramentum
1094 934 1261 966 nuptiarum
1282 935 1417 967 temporis
1437 936 1528 961 nostri
1548 936 1587 962 sic
1607 936 1644 962 ad
1664 946 1754 964 unum

106 987 200 1013 virum
214 989 244 1012 et
259 989 364 1012 unam¹1
380 994 497 1012 uxorem
512 985 660 1011 redactum
675 988 729 1016 est,
745 988 778 1011 ut
792 985 924 1011 ecclesiae
940 985 1165 1019 dispensatorem
1180 994 1237 1011 non
1252 986 1337 1012 liceat
1352 987 1475 1013 ordinari
1491 989 1543 1014 nisi
1559 989 1642 1015 unius
1658 991 1753 1016 uxoris

105 1040 208 1065 virum.
250 1039 331 1070 Quod
354 1039 467 1065 acutius
495 1039 705 1068 intellexerunt,
730 1039 777 1072 qui
800 1047 850 1065 nec
872 1047 948 1069 eum,
972 1039 1019 1072 qui
1043 1039 1231 1065 caticuminus
1254 1039 1298 1064 vel
1321 1048 1448 1073 paganus
1470 1040 1602 1068 habuerit
1624 1042 1753 1075 alteram,

107 1092 297 1118 ordinandum
313 1100 374 1118 esse
393 1095 571 1118 censuerunt.
592 1092 633 1117 De
651 1095 830 1117 sacramento
847 1092 923 1117 enim
941 1092 1044 1125 agitur,
1062 1100 1119 1118 non
1137 1092 1171 1117 de
1190 1096 1316 1125 peccato.
1336 1093 1411 1119 Nam
1428 1094 1457 1119 in
1476 1093 1618 1127 baptismo
1637 1099 1754 1129 pec-cata

106 1146 201 1172 omnia
214 1145 427 1171 dimittunturO.
445 1145 499 1171 Sed
514 1145 562 1178 qui
575 1144 661 1170 dixit:
675 1141 719 1170 ‘Si
733 1146 873 1178 acceperis
887 1153 1014 1175 uxorem,
1024 1153 1081 1170 non
1095 1146 1228 1179 peccasti,
1239 1148 1268 1171 et
1281 1146 1303 1171 si
1318 1147 1446 1179 nupserit
1459 1147 1549 1180 virgo,
1558 1156 1615 1173 non
1629 1147 1752 1181 peccat'3

105 1202 147 1224 et:
168 1195 267 1230 ‘Quod
285 1198 350 1224 vult
366 1198 464 1229 faciat,
483 1206 539 1224 non
553 1201 662 1232 peccat,
681 1199 704 1223 si
719 1195 832 1228 nubat’,
851 1199 921 1224 satis
939 1198 1096 1225 declaravit
1114 1199 1230 1232 nuptias
1250 1198 1359 1225 nullum
1376 1208 1436 1225 esse
1456 1202 1614 1233 peccatum.
1635 1201 1754 1235 Propter

105 1252 275 1278 sacramenti
300 1254 398 1278 autem
416 1252 611 1282 sanctitatem,
631 1251 705 1277 sicut
729 1250 844 1281 femina,
869 1252 982 1277 etiamsi
1002 1252 1174 1278 caticumina
1198 1251 1283 1278 fuerit
1304 1252 1417 1283 vitiata,
1443 1257 1519 1278 nonD
1544 1256 1664 1286 potestD
1690 1258 1754 1288 post

105 1305 281 1338 baptismum
295 1305 330 1330 in
344 1304 396 1330 Dei
412 1305 555 1338 virginem
570 1305 735 1334 consecrari,
750 1305 792 1330 ita
806 1313 863 1330 non
878 1304 999 1330 absurde
1014 1305 1108 1331 visum
1122 1308 1166 1330 est
1179 1313 1255 1336 eum,
1271 1306 1319 1338 qui
1333 1307 1454 1331 excessit
1468 1315 1589 1332 uxorum
1604 1316 1755 1335 numerum

106 1357 287 1391 singularem,
308 1366 366 1383 non
387 1361 537 1391 peccatum
560 1357 675 1391 aliquod
698 1358 878 1388 commisisse,
901 1358 950 1383 sed
972 1366 1102 1384 normam
1125 1358 1270 1391 quandam
1291 1362 1434 1386 sacram‘l
1456 1360 1609 1390 amisisse‘l,
1638 1369 1695 1387 non
1717 1362 1754 1388 ad

106 1412 182 1437 vitae
204 1411 295 1437 bonae
318 1412 460 1441 meritum,
481 1411 531 1436 sed
552 1411 589 1436 ad
610 1411 796 1436 ordinationis
817 1411 1023 1437 ecclesiasticae
1044 1412 1221 1445 signaculum
1242 1412 1456 1438 necessariumr.

196 1461 239 1492 Et
259 1461 334 1491 hinc
356 1461 456 1498 dicat,
478 1461 504 1492 si
525 1461 615 1501 quise
635 1460 724 1498 haec,
753 1471 837 1501 quae
858 1461 1026 1495 diximust,
1048 1466 1178 1492 contrat
1197 1466 1296 1502 quaet
1324 1462 1549 1502 praediximus
1569 1465 1755 1504 opponere<²

106 1514 375 1555 adtemptaverit,
395 1514 421 1545 si
440 1524 527 1545 nunc
547 1513 734 1554 Stephanus
755 1517 858 1545 morte
878 1518 1076 1555 praeventus
1094 1514 1193 1545 fuerit
1211 1518 1244 1546 et
1262 1514 1318 1545 illa
1336 1515 1474 1552 intacta,
1494 1515 1578 1546 sicut
1596 1516 1755 1548 hactenus

109 1571 231 1604 manet,
251 1567 468 1608 permanserit
486 1570 519 1598 et
538 1566 659 1598 nubere
678 1578 743 1598 non
760 1566 931 1604 volueritn,
950 1567 1027 1608 quia
1045 1567 1246 1599 caticumina
1264 1568 1383 1599 vitiata
1403 1572 1478 1609 post
1495 1568 1702 1610 baptismum
1720 1571 1754 1601 in

105 1620 165 1652 Dei
183 1620 345 1661 virginem
364 1620 544 1652 consecrari
564 1631 629 1651 non
650 1620 782 1662 poterit,
804 1624 918 1652 utrum
937 1621 1014 1652 haec
1034 1620 1068 1651 in
1089 1632 1215 1652 sacram
1232 1621 1394 1662 virginem
1412 1621 1454 1652 ab
1473 1622 1624 1664 episcopo
1645 1633 1755 1655 conse-

106 1673 188 1705 crari
209 1673 343 1711 valebit,
365 1674 423 1715 qui
445 1684 511 1704 non
534 1673 596 1705 nisi
616 1673 777 1714 virginem
799 1674 833 1704 in
854 1674 1055 1714 virginitatis
1078 1674 1275 1715 professione
1296 1674 1349 1706 vel
1370 1674 1423 1705 inv
1446 1674 1592 1715 legitima
1613 1675 1755 1717 coniugii

105 1726 223 1768 copula
241 1737 365 1758 sacrare
377 1726 483 1764 debet,
503 1727 587 1758 sicut
600 1738 657 1758 nec
670 1727 842 1768 episcopus
855 1727 934 1764 fieri,
956 1727 1014 1768 qui
1027 1730 1153 1769 praeter
1164 1727 1325 1768 virginem
1337 1731 1369 1759 et
1383 1739 1485 1759 unam
1496 1728 1593 1759 duxit
1608 1739 1754 1761 uxorem.

105 1780 201 1812 Dicat
222 1780 334 1817 etiam,
366 1780 391 1811 si
413 1784 487 1822 post
510 1784 650 1812 mortem
671 1779 829 1822 Stephani
849 1781 938 1821 virgo
960 1788 1177 1821 permanensW
1199 1785 1231 1812 et
1253 1792 1284 1812 se
1305 1781 1471 1812 continere
1494 1792 1559 1812 non
1582 1783 1701 1823 poterit
1722 1787 1755 1814 et

109 1833 229 1864 nubere
252 1833 354 1874 magis
374 1844 476 1874 quam
496 1833 663 1865 continere
684 1833 825 1874 elegerit,
856 1838 970 1865 utrum
992 1833 1084 1865 fratri
1105 1833 1252 1866 eiusdem
1274 1833 1432 1875 Stephani
1453 1834 1600 1876 copulari
1621 1835 1754 1868 valebit.

114 1886 241 1924 Quibus
258 1897 335 1918 cum
351 1887 571 1918 contradicere
590 1898 655 1917 non
673 1886 807 1923 valebit,
835 1891 894 1918 aut
913 1887 946 1917 in
965 1886 1134 1927 questione
1154 1898 1212 1918 sua
1231 1886 1361 1918 deficiat
1379 1891 1438 1918 aut
1457 1887 1485 1918 ei
1506 1892 1617 1919 nostra
1637 1888 1754 1920 solutio

106 1939 298 1971 satisfaciat.
324 1940 368 1971 Et
386 1940 464 1971 haec
484 1940 518 1971 in
537 1940 607 1971 vita
627 1939 786 1981 Stephani
812 1940 851 1971 (le
870 1940 1112 1971 consecratione
1133 1940 1159 1971 si
1178 1939 1331 1981 delegerit
1348 1939 1401 1972 vel
1420 1941 1459 1972 de
1481 1941 1690 1973 maritatione
1711 1943 1754 1973 ij

109 1992 278 2024 maluerit¹
302 1992 422 2034 puella,
446 1992 514 2024 fieri
537 2004 629 2034 posse
651 1994 777 2024 ratione
800 1997 833 2024 et
854 1994 1051 2024 auctoritate
1076 1997 1280 2024 monstrante
1302 1997 1494 2034 cognoscaty
1517 1994 1662 2035 sciatque
1671 2002 1692 2032 Ζ,
1718 1999 1755 2026 ut

106 2046 282 2077 traditione
310 2047 473 2078 maiorum
497 2047 680 2083 docuimus,
709 2050 842 2087 propter
868 2046 970 2078 talem
995 2046 1293 2087 desponsationem,
1320 2047 1545 2078 dotationem¹³
1569 2051 1670 2088 atque
1696 2059 1755 2089 pro

106 2098 230 2131 talibus
246 2099 384 2141 nuptiis,
403 2099 487 2130 sicut
504 2100 585 2131 istae
602 2100 748 2137 fuerunt,
766 2110 831 2130 non
847 2110 914 2130 esse
930 2099 1133 2139 coniugium,
1149 2099 1270 2140 quibus
1285 2099 1391 2130 defuit
1407 2100 1596 2131 coniunctio
1614 2111 1756 2132 sexuum

106 2155 161 2183 acb
183 2163 261 2184 cum
283 2152 398 2194 prolisc
421 2159 493 2194 spec
516 2152 591 2184 fidei
613 2156 873 2184 sacramentum:
895 2163 980 2193 quae
1003 2156 1040 2183 ut
1063 2151 1248 2193 plurimum
1269 2153 1303 2183 in
1325 2153 1417 2184 omni
1439 2153 1576 2185 salutari
1598 2153 1753 2191 actioned,

108 2208 182 2237 tum
195 2205 297 2237 etiam
308 2206 343 2236 in
355 2206 414 2237 hoc
429 2206 586 2246 negotioe‚
601 2206 635 2236 in
647 2216 712 2246 quo
726 2217 783 2247 per
797 2205 946 2247 nuptiale
961 2205 1169 2246 mysteriumr
1180 2206 1231 2237 vir
1244 2210 1276 2237 et
1291 2216 1373 2236 uxor
1386 2217 1452 2237 una
1464 2217 1539 2237 caro
1552 2206 1753 2244 efficiuntur,

108 2258 162 2289 sed
180 2262 231 2289 etss
257 2259 291 2290 in
309 2258 510 2300 baptismate
529 2259 713 2300 operosiush
733 2263 898 2300 operatur,
918 2269 983 2299 quo
1003 2269 1060 2300 per
1079 2258 1153 2290 fidei
1172 2263 1429 2296 sacramentum,
1450 2271 1516 2290 non
1536 2259 1643 2291 solum
1661 2271 1754 2301 gene-

191 2358 215 2385 a)
235 2363 261 2379 se
281 2357 318 2380 ita
339 2356 415 2380 Sirm.
502 2355 525 2386 b)
546 2357 591 2380 fiat
612 2357 734 2387 einqejic'qt
753 2356 830 2380 Sz'rm..
914 2358 937 2386 c)
956 2356 1026 2380 Fehlc
1045 2356 1123 2380 Sirm.
1215 2355 1239 2386 d)
1257 2356 1328 2380 Femc
1340 2356 1419 2381 Sirm.
1505 2359 1528 2386 θ)
1547 2357 1659 2381 coniunx
1678 2357 1754 2381 Sirm.

108 2398 127 2429 1)
146 2400 231 2424 saltim
250 2400 281 2424 B.
375 2403 398 2430 g)
417 2402 579 2432 separatione
600 2401 629 2427 B.
648 2401 725 2425 Sirm..
818 2400 842 2429 1¹)
859 2400 930 2424 Fehlt
950 2400 980 2424 Β.
1055 2398 1074 2429 i)
1093 2401 1257 2431 copulatione
1279 2401 1356 2424 Sirm.
1451 2400 1477 2431 k)
1500 2401 1621 2425 lavachro
1643 2404 1700 2425 stets
1724 2401 1754 2425 B.

107 2442 126 2474 1)
148 2448 282 2475 acceperat
304 2444 381 2468 Sirm.
476 2447 508 2475 m)
531 2447 670 2469 amississet
696 2445 726 2469 B.
821 2447 845 2474 ¹¹)
866 2444 936 2468 Fehlt
959 2444 1036 2468 Sirm.
1143 2447 1167 2475 0)
1185 2445 1217 2469 A.
1244 2445 1274 2469 R.
1301 2453 1345 2469 von
1370 2446 1430 2469 and.
1454 2445 1544 2469 Hand:
1569 2445 1601 2469 In
1626 2446 1755 2476 baptismo

109 2492 215 2519 peccata
231 2489 402 2513 dimittuntur
421 2489 452 2514 Β.
545 2492 569 2519 D)
592 2489 663 2514 Fehlt
682 2490 712 2513 Β.
804 2491 828 2517 (1)
853 2489 968 2512 amisisse
992 2496 1091 2513 sacram
1115 2489 1192 2513 Sirm.
1285 2492 1306 2519 1“)
1329 2490 1499 2513 necessariam
1515 2489 1592 2513 Sirm.
1678 2492 1698 2519 s)
1721 2489 1755 2513 ad

109 2533 232 2563 einqejz'lyt
246 2532 323 2557 Sirm.
432 2533 451 2563 t)
474 2533 508 2557 So
526 2534 555 2560 B,
572 2534 606 2561 C,-
621 2534 679 2564 fehlt
695 2533 772 2557 Sz'rm.
881 2536 905 2562 u)
928 2533 1039 2557 valuerit
1061 2533 1090 2557 C.
1177 2536 1201 2563 v)
1222 2533 1293 2558 Fehlt
1311 2534 1342 2557 Β.
1457 2537 1485 2564 w)
1506 2537 1657 2565 permaneat
1677 2533 1754 2557 Sirm.

112 2579 137 2606 Χ)
157 2577 318 2601 simulaverit
338 2578 367 2602 C.
494 2580 518 2608 Y)
538 2578 588 2608 Vql.
609 2579 666 2602 oben
688 2578 715 2601 S.
727 2579 758 2603 98
776 2577 805 2601 Z.
817 2578 849 2603 42
868 2577 923 2601 Var.
944 2578 968 2602 d.
1098 2580 1120 2607 z)
1142 2578 1240 2602 Scitote
1260 2579 1349 2609 itaque
1368 2578 1402 2602 D.
1525 2580 1549 2608 a)
1570 2578 1704 2602 dotatione
1725 2578 1754 2601 0.

113 2619 136 2651 ¹³)
157 2625 183 2645 et
203 2621 236 2645 D.
320 2624 343 2652 ⁰)
364 2630 409 2653 spe
429 2622 508 2653 prolis
527 2622 560 2646 D.
647 2621 671 2652 1¹)
692 2625 814 2653 operatur
827 2621 938 2652 :uqejziyt
951 2621 981 2645 D.
1067 2624 1090 2652 Ε)
1111 2623 1243 2653 operosius
1256 2622 1368 2653 zuyejc'tyt
1380 2622 1414 2646 D.
1501 2621 1520 2652 ¹)
1541 2623 1712 2646 ministerium
1725 2622 1754 2646 0.

113 2667 135 2695 8)
153 2665 224 2690 Felzlt
243 2666 272 2694 Ο,
292 2666 369 2690 Sirm.
456 2665 480 2696 h)
501 2666 654 2690 mirabiliter
673 2666 707 2690 D.

202 2755 227 2785 l)
242 2753 352 2780 Ebenda
367 2754 497 2780 XXIIII
514 2754 591 2787 (32),
607 2754 687 2787 Corp.
700 2753 811 2780 Vindob.
831 2754 873 2783 41,
889 2753 966 2786 226).
1061 2754 1088 2786 2)
1104 2754 1130 2784 I,
1142 2754 1186 2784 11,
1203 2754 1405 2787 Corp.Vind0b.
1418 2754 1461 2785 42,
1473 2754 1550 2786 2237.
1645 2754 1672 2785 3)
1684 2753 1754 2779 Viel-

110 2797 194 2823 mehr:
210 2798 251 2823 De
266 2798 332 2824 bono
347 2798 483 2831 coniuyali
499 2798 603 2824 XVIII
621 2799 697 2831 (21),
714 2798 794 2831 C'orp.
810 2797 921 2823 Vindob.
943 2798 986 2828 41,
1006 2797 1068 2824 214.
1161 2800 1188 2830 4)
1206 2798 1262 2831 Vql.
1283 2798 1348 2824 oben
1367 2799 1397 2824 S.
1410 2798 1454 2824 98.

1492 2851 1541 2876 13*

1779 297 1852 328 860.

1769 1155 1789 1174 1.
1801 1153 1850 1174 Cor.
1864 1155 1884 1178 7,
1895 1154 1932 1175 28.

1769 1208 1790 1227 1.
1802 1206 1853 1228 Cor.
1863 1207 1883 1231 7,
1895 1206 1931 1228 36.
