2220 3192
65 772 91 791 10

63 1037 90 1056 15

63 1302 90 1321 20

63 1568 90 1587 25

61 1834 90 1852 50

61 2152 88 2171 35

62 2432 87 2449 40

63 2709 89 2727 45

686 197 873 223 HINKMAR
893 197 971 224 VON
992 197 1112 224 REIMS
1135 199 1194 224 108.
1724 198 1764 227 53

117 285 291 316 necessitas
305 284 378 322 loci,
393 285 448 316 cui
461 289 594 317 auctore
607 286 675 317 Deo
691 286 847 324 deservio,
863 286 1054 328 exiguitatis
1070 298 1160 319 meae
1175 286 1431 319 sollicitudinem
1445 287 1619 329 compulit,
1637 292 1674 319 ut
1689 288 1764 320 inde
1787 291 1849 321 857
1858 291 1963 321 —858.

115 338 226 379 aliqua
247 348 288 369 ex
309 342 446 380 patrum
465 338 761 370 constitutionibus
782 339 817 370 in
839 350 946 371 unum
965 339 1165 381 colligerem3
1186 340 1275 382 quod
1294 340 1506 372 devotionem
1525 344 1671 372 vestram
1691 352 1764 382 erga

115 390 288 423 scientiam
309 390 418 423 omnis
434 391 513 423 boni
533 391 708 424 sollicitam
728 391 829 424 latere
849 403 915 424 non
938 393 1060 434 potuit.
1081 392 1176 425 Unde
1198 393 1327 431 etiam⁸,
1347 394 1425 435 quia
1447 394 1483 425 in
1502 394 1669 435 parrochia
1685 393 1764 425 Tre—

114 444 224 476 casina
244 443 302 475 exb
320 443 397 476 hacb
415 443 532 476 causab
550 456 569 476 a
589 445 769 476 Prudentio
789 445 960 487 episcopo¹
979 446 1158 487 quaedam⁰
1179 446 1267 478 fuere
1286 446 1457 488 disposita,
1476 458 1561 488 quae
1582 447 1697 479 multis
1716 447 1765 479 in—

113 497 344 529 convenientia
367 497 567 529 videbantur
590 502 624 529 et
648 509 690 529 ex
713 498 834 539 quibus
857 499 899 530 ad
922 509 981 530 vos
1006 498 1227 540 plurimorum
1246 503 1439 541 pervenerefl
1459 499 1628 538 clamores,
1648 511 1763 542 super-

116 550 282 592 inposuit⁹
293 550 374 582 mihi
387 550 582 582 venerabilis
596 549 715 592 atque‘
729 551 894 583 amabilis¹
906 551 1004 583 iussio
1019 556 1138 589 vestra,
1153 556 1319 593 quatenus
1333 557 1385 584 etg
1400 563 1441 584 ex
1458 553 1528 591 hoc,
1544 564 1628 594 quae
1642 554 1677 584 in
1697 565 1764 585 ma·

115 604 223 635 iorum
242 603 379 635 statutis
397 614 456 645 pro
475 607 625 646 tempore
644 604 808 635 invenire*¹
826 604 993 641 valerem¹,
1012 604 1105 636 vobis
1124 605 1159 636 in
1178 616 1285 637 unum
1303 605 1438 637 collecta
1458 607 1665 648 porrigerem.
1692 608 1764 645 Qua

114 656 154 688 de
170 667 214 693 re,
231 655 307 687 licet
321 656 381 687 hoc
396 656 597 697 quibusdam
612 656 722 689 valeat
736 657 918 698 displicere,
935 657 980 688 sik
997 655 1096 688 fortek
1111 656 1217 691 suntk,
1233 658 1292 699 qui
1308 659 1412 699 magis
1427 658 1554 700 eligunt
1570 660 1661 701 sequi
1676 660 1764 701 quod

114 709 160 741 eis
178 708 317 740 libenter
335 708 427 746 libet,
445 720 548 751 quam
565 710 654 751 quod
673 709 807 742 licenter
826 709 912 747 licet,
932 710 1053 741 faciam
1069 711 1159 751 quod
1177 710 1308 749 iubetis,
1328 712 1432 743 sciens
1449 712 1491 743 ab
1509 712 1657 754 apostolo
1676 724 1764 744 com-

115 762 322 800 mendatum,
349 766 387 793 ut
410 762 532 794 ‘omnis
549 763 684 800 anima',
711 763 758 794 id¹
777 766 826 794 est
842 763 951 794 omnis
968 763 1092 795 homol.
1118 764 1352 805 ‘potestatibus
1370 765 1615 797 sublimioribus
1632 765 1764 797 subdita

114 815 173 853 sit3
193 826 261 846 non
279 818 329 846 est
348 815 438 847 enim
457 819 604 857 potestas
625 816 687 847 nisi
705 827 724 847 a
737 816 834 854 Deo’3
854 819 913 847 etm
933 815 1055 847 iterum
1073 816 1169 847 dicit:
1187 816 1348 848 ‘Subiecti
1367 822 1470 849 estote
1489 819 1581 850 omni
1600 819 1764 850 humanae

112 871 281 900 creaturae
301 872 436 910 propter
455 869 565 901 Deum
586 869 653 900 sive
674 869 739 910 regi
758 872 934 910 tamquam
955 868 1201 911 praecellentim.

203 921 248 953 Et
263 922 423 962 quoniam
437 925 547 953 vestra
563 923 648 963 regia
664 929 702 954 a¹¹
717 922 806 953 Deon
822 922 1023 953 constitutan
1040 921 1227 954 sublimitas
1243 923 1434 954 sacerdotali
1450 924 1595 965 religioni
1611 928 1644 956 et
1659 926 1763 957 cordis

114 978 147 1006 et
168 975 312 1016 corporis
333 975 492 1006 cervices⁰
514 975 630 1006 devote
653 975 801 1012 inclinat,
831 976 1048 1016 competens*
1078 982 1165 1006 essen
1195 975 1403 1007 dinosciturv.
1437 980 1473 1008 ut
1503 981 1536 1008 et
1565 978 1763 1019 pontificalis

112 1028 293 1060 auctoritas
311 1028 415 1069 regiae
433 1028 588 1069 dignitati
606 1039 684 1060 cum
702 1028 793 1060 omni
812 1028 946 1070 pietatis
971 1027 1079 1059 officio
1098 1039 1130 1059 se
1150 1028 1338 1066 submittat,
1359 1029 1444 1060 sicut
1463 1034 1596 1062 sanctus
1616 1030 1763 1062 Gelasius

114 1082 166 1113 in·¹
189 1080 361 1112 decretali‘l
384 1080 539 1122 epistolaq
561 1081 604 1113 ad
624 1081 838 1113 Anastasium
862 1081 1095 1122 imperatorem
1118 1081 1262 1112 ostendit
1285 1082 1428 1113 dicens²:
1454 1086 1518 1112 Duo
1541 1090 1609 1112 sunt
1633 1088 1762 1122 quipper,

113 1139 269 1172 imperator
290 1141 420 1171 auguste,
444 1137 546 1171 quibus
569 1137 763 1172 principaliter
786 1137 908 1163 mundus
931 1137 977 1164 hic
998 1138 1118 1171 regitur:
1141 1139 1298 1164 auctoritas
1320 1147 1400 1165 sacra
1423 1140 1591 1172 pontificum
1612 1144 1642 1165 et
1663 1141 1763 1174 regalis

114 1193 255 1225 potestas;
271 1191 301 1216 in
317 1191 421 1224 quibus
437 1194 521 1217 tanto
536 1191 651 1224 gravius
666 1190 796 1224 ponduss
810 1193 871 1216 est*³
886 1191 1077 1221 sacerdotum,
1094 1194 1203 1224 quanto
1219 1192 1307 1217 etiam
1323 1200 1374 1225 pro
1390 1192 1458 1225 ipsis
1474 1193 1585 1226 regibus
1602 1193 1763 1219 hominumt

113 1245 143 1270 in
159 1244 257 1270 divino
273 1244 414 1271 reddituri
429 1246 498 1270 sunt
507 1244 656 1270 cinimint³u
669 1241 706 1259 *³¹²
717 1244 867 1270 rationem.
888 1241 1002 1272 Hincv.
1015 1240 1179 1277 quantum⁸
1196 1244 1233 1270 ad
1249 1244 1377 1271 ordinem
1394 1245 1524 1278 publicae
1542 1246 1666 1279 pertinet
1682 1247 1762 1272 disci-

114 1297 216 1331 plinae,
236 1300 437 1330 cognoscentes
456 1298 607 1331 imperium
621 1297 674 1323 tibi
693 1305 815 1330 superna
834 1297 1018 1330 dispositione
1038 1297 1216 1328 conlatum&
1235 1297 1343 1331 legibus
1362 1299 1420 1324 tuis
1438 1299 1491 1332 ipsi
1511 1307 1622 1332 quoque
1638 1301 1761 1332 parentx

113 1350 272 1384 religionisx
287 1354 301 1371 y
319 1351 474 1381 antistites,
492 1359 527 1376 ne
545 1350 591 1376 vel
616 1351 646 1376 in
663 1350 747 1376 rebus
766 1350 918 1376 mundanis
935 1350 1085 1376 exclusae2
1102 1350 1256 1376 videantur
1273 1350 1389 1377 obviare
1407 1353 1579 1382 sententiam
1598 1353 1630 1380 et
1647 1348 1761 1380 alibi4:

118 1403 259 1434 Quoniam
281 1405 320 1431 sic
343 1403 480 1435 Christus,
512 1411 619 1430 memor
641 1403 805 1437 fragilitatis
828 1403 980 1434 humanae,
1005 1403 1081 1437 quod
1104 1412 1221 1431 suorum
1243 1404 1329 1430 saluti
1353 1408 1528 1438 congrueret.
1552 1405 1762 1439 dispensatione

114 1456 263 1490 magnifica
287 1457 470 1490 temperavit,
493 1457 533 1483 sic
556 1456 716 1483 actionibus
739 1457 860 1491 propriis
884 1456 1129 1490 dignitatibusque
1154 1457 1297 1483 distinctis
1321 1457 1415 1484 officia
1439 1459 1591 1491 potestatis
1615 1459 1762 1492 utriusque

113 1510 256 1541 discrevit,
273 1518 339 1535 suos
355 1509 454 1536 volens
470 1509 630 1536 medicinali
646 1509 809 1536 humilitate
825 1509 939 1541 salvari,
956 1518 1013 1536 non
1030 1510 1156 1536 humana
1172 1510 1305 1544 superbia
1321 1519 1418 1536 rursus
1434 1512 1574 1544 intercipi,
1592 1514 1624 1537 ut
1639 1514 1670 1537 et
1685 1512 1762 1537 Chri-

112 1563 198 1589 stiani
213 1563 398 1597 imperatores
414 1571 465 1596 pro
480 1566 596 1589 aeterna
610 1563 672 1589 vita
687 1562 870 1596 pontificibus
886 1563 1063 1596 indigerent⁸
1077 1566 1108 1589 et
1123 1563 1272 1597 pontifices
1288 1572 1338 1597 pro
1354 1564 1555 1597 temporalium
1571 1573 1653 1590 cursu
1668 1574 1761 1591 rerum

113 1615 305 1650 imperialibus
326 1616 560 1650 dispositionibus
580 1618 738 1646 uterentur,
760 1619 901 1650 quatenus
922 1616 1076 1650 spiritalisb
1097 1617 1172 1643 actio
1193 1626 1210 1642 a
1232 1617 1392 1643 carnalibus
1413 1617 1534 1643 distaret
1555 1618 1712 1643 incursibus
1733 1621 1763 1644 et

1778 776 1849 796 Rom.
1862 777 1896 799 13,
1909 778 1928 796 1.

1779 830 1800 849 1.
1811 829 1872 850 Petr.
1885 830 1905 853 2,
1917 831 1952 849 13.

113 1669 175 1695 ideo
192 1669 317 1695 militans
334 1669 395 1695 Deo
419 1669 533 1696 minime
556 1677 585 1695 se
607 1669 727 1702 negotiis
742 1669 934 1695 saecularibus
950 1669 1118 1703 implicaret,
1142 1679 1174 1696 ac
1190 1670 1315 1696 vicissim
1330 1679 1388 1696 non
1403 1670 1449 1696 ille
1464 1671 1548 1696 rebus
1564 1671 1668 1696 divinis
1684 1680 1761 1704 prae·
1773 1678 1822 1701 Vgl.
1833 1678 1916 1698 2.Tim.
1926 1680 1945 1699 ι.

113 1722 201 1748 sidere
215 1722 370 1753 videretur,
389 1723 437 1756 qui
450 1725 524 1748 esset
537 1722 658 1756 negotiis
670 1722 863 1748 saecularibus
876 1723 1049 1756 implicatus.
1064 1726 1097 1748 ut
1110 1726 1137 1748 et
1154 1723 1295 1749 modestia
1308 1724 1456 1757 utriusque
1471 1724 1577 1749 ordinis
1591 1727 1762 1753 curareuire,

114 1783 147 1801 ne
164 1775 348 1801 extolleretur
365 1778 486 1809 utroque
504 1775 647 1807 suffultus,
665 1778 695 1801 et
713 1778 877 1809 competens
895 1776 1084 1809 qualitatibus
1101 1777 1248 1802 actionum
1263 1777 1422 1810 specialiter
1433 1776 1569 1810 professio
1586 1778 1762 1810 aptaretur‘l.

110 1825 155 1856 Et
178 1828 312 1856 sanctus
332 1825 538 1866 Augustinus
560 1825 613 1856 111Θ
637 1836 785 1857 sermone
806 1825 864 1857 VI.
887 1825 1046 1867 evangelii
1069 1826 1225 1857 Iohannis
1247 1826 1383 1857 dicite⁵z
1409 1830 1554 1863 Leguntur
1576 1830 1666 1855 enimr
1690 1830 1762 1863 leges

114 1880 309 1912 manifestaeg,
325 1881 374 1908 ubi
392 1886 598 1916 praeceperunt
615 1882 801 1916 imperatores
818 1890 876 1912 eos,
893 1882 941 1916 qui
960 1885 1073 1916 praeter
1090 1882 1223 1909 eeclesiae
1242 1883 1417 1909 catholicaeh
1437 1884 1664 1909 communionem
1684 1892 1763 1909 usur-

113 1937 185 1968 pant
198 1935 253 1960 sibi
267 1943 371 1961 nomen
381 1934 575 1961 Christianum
590 1943 642 1961 nec
656 1935 760 1961 volunt
773 1935 803 1961 in
819 1944 888 1969 pace
904 1935 993 1962 colere
1009 1936 1086 1969 pacis
1102 1938 1259 1966 auctorem,
1275 1936 1344 1962 nihil
1360 1937 1473 1962 nomine
1488 1937 1621 1962 ecclesiae
1637 1936 1763 1962 audeant

113 1987 264 2021 possidere.
282 1987 336 2014 Sed
353 1988 421 2021 quid
436 1988 528 2019 nobis,
543 1985 713 2026 inquiunt,
729 1991 760 2014 et
773 1989 961 2022 imperatori?
979 1989 1020 2014 De
1036 1989 1095 2014 iure
1110 1989 1237 2015 humano
1253 1986 1322 2016 hoel
1339 1990 1442 2022 agitur,
1457 1992 1488 2015 et
1504 1992 1601 2015 tamen
1616 1989 1762 2023 apostolus

204 2109 230 2140 *)
248 2109 305 2135 Von
323 2109 429 2142 qleiclzz.
451 2109 535 2135 Hand
552 2118 578 2135 α.
594 2110 640 2136 R:
658 2110 829 2144 Competens
847 2110 875 2135 id
894 2113 937 2135 est
956 2110 1125 2136 conveniens
1148 2110 1180 2135 B.

185 2153 229 2185 **)
246 2153 305 2179 Von
322 2153 428 2186 qleickz.
449 2153 534 2179 Hand
550 2162 576 2179 a.
592 2154 637 2180 R..·
654 2163 775 2180 examen
792 2154 821 2180 id
839 2157 883 2180 est
900 2154 1036 2180 iudicium
1057 2155 1090 2179 Β.

200 2252 224 2281 ⁸)
247 2251 298 2283 Vql.
317 2253 377 2277 oben
402 2253 430 2277 S.
445 2254 478 2277 52
500 2253 530 2277 Z.
545 2254 578 2278 20
595 2253 651 2277 Var.
666 2262 690 2277 α.
831 2252 854 2282 b)
874 2254 905 2277 de
930 2254 1056 2277 divisione
1081 2254 1271 2277 rusticanarum
1297 2255 1490 2284 parrochiarum
1525 2254 1584 2284 (vql.
1609 2253 1668 2276 oben¹
1688 2253 1715 2277 S.
1730 2254 1762 2278 52

110 2295 138 2319 Z.
150 2297 196 2326 17)
213 2296 242 2320 G.
326 2299 349 2326 ί’)
367 2297 438 2321 Fehlt
456 2297 486 2321 B.
573 2296 597 2327 d)
617 2299 749 2329 pervenire
768 2298 799 2322 B.
885 2300 908 2327 Θ)
928 2298 1040 2328 inposuit
1067 2298 1096 2321 Ο,
1181 2296 1201 2327 f)
1218 2298 1288 2322 Fehlt
1312 2298 1342 2322 C.
1435 2300 1458 2327 ἕ)
1476 2298 1547 2322 Fehlt
1565 2298 1594 2322 C.
1680 2296 1704 2327 ¹¹)
1723 2298 1760 2321 iu-

113 2341 224 2364 venirem
233 2341 262 2365 C.
347 2339 365 2370 i)
384 2341 469 2366 valere
484 2342 518 2369 B,-
529 2341 587 2372 fehlt
598 2342 627 2366 C'.
715 2341 740 2371 k)
757 2342 828 2366 Fehlt
838 2342 867 2366 0.
952 2340 971 2371 ¹)
990 2342 1016 2365 id
1032 2356 1060 2358 —
1074 2343 1150 2366 homo
1162 2342 1221 2372 fehlt
1231 2343 1260 2366 G.
1347 2345 1378 2372 ¹11)
1399 2343 1433 2366 Et
1445 2342 1646 2373 —praecellenti
1661 2341 1702 2372 (Z.
1715 2343 1760 2370 12)

111 2384 169 2414 fehlt
179 2385 209 2409 C.
306 2388 330 2415 Π)
346 2386 418 2410 Fehlt
429 2386 458 2410 G.
544 2388 567 2416 0)
586 2387 712 2410 cervicem
725 2387 753 2410 C.
840 2389 864 2415 1³)
883 2390 922 2409 est
934 2386 963 2410 Ο.
1054 2388 1079 2415 (1)
1096 2386 1167 2410 Fehlt
1179 2387 1208 2410 0.
1294 2389 1315 2416 r)
1332 2386 1403 2410 Felzlt
1411 2387 1439 2411 C.
1526 2389 1547 2416 ε3)
1565 2390 1604 2410 est
1616 2386 1717 2417 pondus
1732 2386 1761 2410 C.

112 2428 130 2458 t)
149 2430 247 2453 homini
264 2430 294 2453 Β.
387 2432 411 2460 ιι)
430 2430 526 2454 iudicio
541 2431 570 2455 C.
664 2433 688 2460 v)
708 2431 774 2454 Hinc
794 2445 823 2447 —
838 2431 1017 2454 Romanorum
1048 2431 1138 2461 (maten
1160 2431 1187 2455 S.
1205 2432 1237 2456 54
1260 2430 1289 2455 Ζ.
1308 2431 1337 2460 6)
1362 2431 1408 2454 mit
1432 2430 1693 2461 Verzeeifflmqueichen
1716 2431 1761 2460 αα]

114 2472 205 2498 Bl.65‘
218 2474 247 2498 Ο.
340 2477 368 2502 W)
387 2475 480 2498 datum
492 2475 521 2499 G.
610 2477 634 2505 x)
653 2475 782 2506 religionis
801 2478 894 2506 parent
907 2475 936 2499 O.
1024 2477 1047 2504 ι’)
1066 2475 1171 2506 legionis
1193 2475 1223 2499 Β.
1309 2478 1330 2505 z)
1349 2475 1446 2499 exclusi
1468 2476 1498 2499 Β.
1589 2477 1612 2505 ⁸)
1629 2474 1731 2498 Zweites
1744 2483 1761 2498 n

111 2517 260 2547 tberqeschr.
273 2518 302 2542 O.
381 2517 406 2549 b)
419 2519 562 2550 spiritualis
575 2520 604 2543 C.
680 2522 703 2549 ⁰)
722 2523 823 2543 curaret
840 2519 870 2543 Β.
949 2518 973 2549 d)
993 2523 1128 2543 notaretur
1141 2519 1170 2543 C.
1249 2522 1271 2549 θ)
1290 2520 1317 2543 in
1331 2534 1359 2536 —
1370 2520 1434 2543 dicit.
1447 2519 1505 2550 fehlt
1519 2520 1547 2543 C.
1617 2518 1635 2547 ¹)
1653 2518 1760 2542 Fehltcf.

115 2564 136 2590 Ε)
156 2562 292 2586 manifeste
314 2563 343 2587 C.
430 2562 454 2593 ¹¹)
473 2563 598 2588 catolicae
621 2564 652 2588 B.
737 2562 756 2593 ³)
776 2565 815 2587 hic
838 2564 867 2587 C.

206 2658 231 2689 1)
248 2658 306 2684 Von
324 2658 436 2692 Troyess
453 2660 502 2692 vql.
514 2659 579 2685 oben
589 2659 618 2685 S.
632 2659 667 2686 52
684 2660 718 2685 A.
731 2660 757 2689 2,
773 2659 917 2692 ausserdem
935 2659 985 2684 Nr.
999 2660 1033 2684 36
1048 2659 1076 2684 S.
1091 2660 1126 2685 24
1140 2660 1219 2685 sowie
1234 2660 1373 2685 besonders
1390 2660 1439 2685 ΝΤ.
1454 2660 1506 2685 106
1521 2660 1549 2685 S.
1563 2660 1597 2685 51
1613 2659 1670 2685 und
1686 2660 1719 2684 A.
1734 2659 1757 2683 9.

114 2702 140 2732 2)
164 2701 249 2732 Thiel,
279 2702 367 2736 Epist.
399 2704 543 2730 Romanor.
574 2704 671 2737 pontif.
700 2713 758 2737 qen.
786 2704 812 2734 I,
833 2704 923 2735 3501:
950 2703 1102 2729 Hinschius
1129 2704 1158 2730 S.
1179 2704 1231 2730 639
1262 2704 1358 2737 (J.-K.
1379 2704 1458 2737 633).
1583 2704 1610 2735 3)
1630 2704 1664 2729 A.
1684 2712 1709 2728 a.
1727 2703 1757 2728 O.

114 2747 140 2777 4)
159 2746 245 2771 Gelas.
271 2749 332 2772 tom.
357 2747 387 2773 de
413 2748 593 2774 anathematis
618 2749 734 2777 vinculo,
763 2748 840 2773 leiel
863 2757 888 2773 (ι.
902 2748 969 2773 ns).
990 2747 1015 2775 I.
1033 2748 1086 2773 568
1107 2748 1202 2780 (J.-K.
1225 2748 1301 2780 701).
1430 2750 1457 2778 5)
1482 2748 1634 2774 Tract,1⁷l.
1653 2748 1695 2772 25.
1715 2747 1757 2775 26,

116 2790 209 2822 mque
229 2790 365 2820 35‚1437.

1954 1680 1972 1697 4.
