2220 3192
44 799 71 819 10

41 1068 69 1089 15

37 1604 66 1624 85

38 1984 65 2005 ⁸0

38 2249 65 2270 85

36 2527 62 2547 40

36 2774 64 2793 45

658 215 844 241 HINKMAR
869 215 947 242 VON
972 215 1091 242 REIMS
1118 217 1176 242 160.
1690 216 1748 244 135

101 305 221 335 finierat,
251 305 429 331 inmutarent
460 315 510 332 nec
534 315 609 333 nova
633 315 795 341 quenquam
819 316 870 342 pro
893 308 974 342 lapsu
997 308 1181 335 damnatione
1212 309 1403 342 percellerent,
1436 309 1486 335 sed
1518 305 1621 346 ipsius
1652 313 1748 335 tenore

99 358 215 389 decreti,
230 358 283 383 nisi
298 358 472 392 resipuisset,
488 359 648 385 iudicarent
663 360 863 394 dampnatum,
880 362 1051 395 [e]ssetquea
1067 370 1250 396 consequens,
1266 366 1309 393 ut,
1325 363 1379 388 nisi
1395 363 1555 396 corrigeret,
1571 363 1750 389 damnationi

98 411 195 444 procul
215 411 303 437 dubio
323 411 492 437 subiaceret.
530 412 638 443 Quibus
659 415 869 445 convenienter,
890 418 924 440 ut
943 415 1053 441 dictum
1073 418 1127 445 est,
1146 424 1182 441 ex
1202 421 1323 449 paterna
1343 415 1498 442 traditione
1519 416 1664 450 perpensis
1685 425 1749 442 con-

98 464 221 495 fidimus,
240 464 317 498 quod
334 464 428 490 nullus
446 465 504 491 iam
522 467 662 492 veraciter
680 466 857 494 Christianus
875 468 995 501 ignoret,
1013 469 1234 502 uniuscuiusque
1252 469 1355 502 synodi
1374 469 1575 500 constitutum,
1594 469 1670 503 quod
1688 470 1749 495 uni—

98 518 213 544 versalis
229 517 361 543 ecclesiae
379 518 514 551 probavit
530 527 670 550 assensus,
688 521 795 546 nullam
812 521 901 554 magis
916 522 1018 555 exequi
1034 522 1131 548 sedem
1154 530 1219 555 prae
1244 523 1343 549 ceteris
1366 526 1496 556 oportere
1514 531 1600 556 quam
1617 523 1749 556 primam,

98 579 169 605 quae
191 574 222 596 et
242 579 475 605 unamquamque
497 572 640 605 synodum
661 577 692 598 et
712 582 764 600 sua
785 575 958 601 auctoritate
981 575 1131 601 confirmat
1151 578 1182 601 et
1204 576 1373 602 continuata
1395 576 1589 602 moderatione
1612 576 1748 605 custodit,

96 633 148 658 pro
166 632 217 650 suo
235 624 343 650 scilicet
361 625 519 658 primatu,
539 634 624 659 quem
644 626 744 652 beatus
765 627 865 653 Petrus
883 628 1030 661 apostolus
1050 628 1165 654 Domini
1185 637 1252 654 voce
1272 632 1410 662 percepto
1429 629 1546 656 ecclesia
1565 629 1748 655 nihilominus

95 677 286 711 subsequente
308 680 338 703 et
360 679 454 704 tenuit
475 687 586 712 semper
607 682 637 705 et
658 680 773 706 retinet,

186 737 236 768 29.
264 737 353 768 Haec
375 736 402 767 si
422 736 533 768 debita
554 737 747 769 discretione
767 742 877 769 tenere
897 737 1108 775 voluerimus,
1131 738 1247 776 ‘nihil'‚
1270 739 1355 771 sicut
1376 740 1456 771 dicit
1476 740 1655 782 apostolus,
1678 741 1747 782 ‘per

98 790 345 822 contentionem
366 800 471 830 neque
492 801 548 832 per
568 791 701 822 inanem
720 791 867 832 gloriam'
888 795 1021 832 agentes
1039 803 1058 823 a
1078 792 1130 823 via
1158 792 1243 833 regia
1270 793 1305 823 in
1330 793 1429 824 sacris
1447 793 1629 825 canonibus
1655 805 1746 825 num-

93 854 197 885 quam
218 843 489 875 exorbitabimus.
518 844 613 881 Quia,
635 844 720 876 sicut
740 849 874 876 sanctus
895 845 1108 876 Innocentius
1128 845 1169 876 ad
1188 846 1386 877 Decentium
1406 847 1546 883 scribit1‚
1568 852 1592 876 si
1611 851 1747 877 instituta

93 900 294 932 ecclesiastica,
310 904 343 926 ut
358 904 426 926 sunt
442 910 459 926 a
476 901 566 927 beatis
582 901 719 935 apostolis
736 902 853 932 tradita,
863 901 992 936 integrab
1003 902 1109 928 vellent
1123 911 1235 929 servare
1247 902 1363 928 Domini
1378 903 1549 934 sacerdotes,
1562 904 1640 930 nulla
1655 905 1746 930 diver-

93 955 174 985 sitas,
190 954 268 980 nulla
284 955 408 980 varietas
424 954 453 979 in
468 955 537 988 ipsis
553 955 699 981 ordinibus
714 960 748 980 et
764 955 1024 981 consecrationibus
1039 955 1200 982 haberetur.
1230 955 1285 982 Sed
1301 955 1371 982 dum
1386 958 1580 990 unusquisque
1596 966 1653 983 non
1670 958 1747 991 quod

94 1007 234 1034 traditum
251 1012 305 1037 est,
323 1008 374 1033 sed
392 1007 468 1041 quod
486 1008 540 1034 sibi
559 1009 652 1034 visum
669 1008 765 1039 fuerit,
784 1009 837 1034 hoc
853 1009 1002 1035 existimat
1018 1017 1078 1034 esse
1097 1009 1263 1039 tenendum,
1280 1009 1345 1035 inde
1364 1010 1478 1036 diversa
1494 1011 1524 1036 in
1541 1010 1661 1036 diversis
1678 1011 1746 1037 locis

96 1061 141 1087 vel
156 1061 279 1087 ecclesiis
296 1064 348 1087 aut
364 1061 454 1086 teneri
470 1064 522 1087 aut
538 1061 672 1088 celebrari
689 1062 833 1092 videntur,
850 1071 883 1088 ac
899 1061 932 1087 fit
948 1062 1114 1088 scandalum
1130 1062 1252 1096 populis,
1270 1063 1327 1096 qui,
1344 1062 1414 1089 dum
1430 1064 1561 1089 nesciunt
1577 1063 1746 1090 traditiones

92 1115 227 1148 antiquas
247 1115 373 1141 humana
392 1115 624 1148 praesumptione
644 1118 801 1148 corruptas,
822 1118 927 1148 putant
945 1115 999 1141 sibi
1018 1119 1069 1141 aut
1086 1116 1218 1142 ecclesias
1237 1124 1294 1141 non
1313 1117 1463 1142 convenire
1483 1119 1534 1142 aut
1552 1116 1590 1143 ab
1608 1117 1745 1150 apostolis

92 1168 137 1194 vel
153 1168 317 1201 apostolicis
333 1168 402 1193 viris
418 1168 653 1194 contrarietatem
668 1168 825 1194 inductam.
849 1168 916 1199 Quis
931 1169 1008 1194 enim
1024 1169 1132 1195 nesciat
1147 1172 1199 1195 aut
1215 1177 1271 1194 non
1287 1169 1422 1196 advertat
1437 1169 1476 1200 id,
1494 1170 1569 1203 quod
1586 1179 1603 1196 a
1619 1171 1745 1204 principe

92 1221 288 1255 apostolorum
306 1221 391 1247 Petro
409 1221 555 1247 Romanae
571 1221 704 1247 ecclesiae
722 1221 862 1247 traditum
877 1225 922 1247 est
938 1231 970 1248 ac
987 1230 1061 1248 nunc
1077 1231 1166 1256 usque
1183 1222 1353 1254 custoditur,
1370 1223 1407 1249 ab
1423 1223 1555 1249 omnibus
1572 1223 1673 1249 debere
1690 1233 1745 1249 ser-

92 1275 153 1301 vari
171 1283 222 1300 nec
239 1275 391 1308 superduci
409 1277 461 1300 aut
478 1274 622 1300 introduci
639 1274 757 1308 aliquid,
777 1275 853 1309 quod
870 1278 922 1301 aut
939 1275 1143 1302 auctoritatem
1161 1284 1218 1301 non
1236 1275 1342 1302 habeat
1359 1280 1411 1302 aut
1428 1276 1541 1302 aliunde
1560 1277 1685 1310 accipere
1706 1278 1745 1303 vi-

91 1328 193 1354 deatur
206 1328 369 1361 exemplum
379 1331 400 1352 0.
414 1324 459 1355 Et
474 1324 537 1355 Leo
551 1324 591 1355 ad
603 1323 809 1355 Pulcheriam
823 1328 999 1365 augustam
1013 1325 1128 1356 dicit²z
1150 1328 1256 1355 Contra
1268 1332 1381 1355 statuta
1396 1338 1536 1355 canonum
1550 1334 1744 1363 paternorum,

92 1390 163 1415 quae
182 1385 248 1407 ante
267 1381 447 1415 longissimae
466 1381 571 1407 aetatis
589 1389 678 1407 annos
696 1382 725 1406 in
743 1381 811 1407 urbe
831 1381 938 1407 Nichea
955 1381 1130 1415 spiritalibus
1148 1385 1216 1408 sunt
1233 1382 1355 1408 fundata
1373 1382 1504 1413 decretis,
1523 1383 1593 1409 nihil
1611 1384 1744 1416 cuiquam

90 1434 194 1461 audere
214 1435 390 1464 conceditur,
410 1434 451 1460 ita
471 1438 514 1464 ut,
533 1435 557 1459 si
577 1434 639 1468 quis
658 1434 804 1460 diversum
823 1435 931 1468 aliquid
950 1434 1098 1461 decernere
1119 1435 1198 1465 velit,
1217 1443 1245 1460 se
1265 1436 1361 1469 potius
1382 1436 1493 1462 minuat
1513 1444 1600 1469 quam
1618 1436 1666 1462 issa
1686 1445 1743 1462 cor-

90 1491 215 1522 rumpat.
252 1488 329 1519 Quae
349 1487 402 1517 sid,
424 1487 474 1513 utd
495 1491 620 1521 oportet,
640 1497 657 1513 a
678 1488 787 1514 cunctis
808 1488 991 1521 pontificibus
1011 1489 1183 1514 intemerata
1202 1492 1361 1519 serventur,
1376 1497 1425 1522 per
1445 1489 1592 1515 universas
1611 1490 1744 1516 ecclesias

90 1541 247 1575 tranquilla
257 1542 313 1567 erit
324 1549 382 1574 pax
393 1544 423 1566 et
435 1540 517 1567 firma
530 1541 690 1571 concordia,
706 1541 800 1567 nullae
812 1541 846 1566 de
861 1550 992 1568 mensura
1003 1541 1143 1567 honorum
1155 1541 1353 1572 dissensiones,
1362 1542 1454 1568 nullae
1467 1542 1501 1568 de
1513 1542 1743 1569 ordinationibus

92 1595 166 1625 iiteS,
184 1594 277 1621 nullae
296 1594 330 1620 de
350 1594 504 1628 privilegiis
523 1594 737 1627 ambiguitates.
756 1594 833 1620 nulla
850 1599 935 1620 erunt
953 1595 987 1619 de
1006 1595 1090 1621 alieni
1108 1596 1292 1628 usurpatione
1312 1596 1498 1623 certaminae.

900 1697 931 1728 b.

182 1761 209 1790 1.
226 1759 375 1799 Denique
387 1759 475 1800 quod
487 1759 624 1800 quidam
635 1759 762 1795 dicunt,
773 1759 932 1799 quoniam
939 1758 1129 1790 Rothadus³
1143 1763 1215 1800 post
1227 1758 1480 1801 depositionemf
1490 1759 1608 1791 suam4
1619 1759 1742 1790 libellos

90 1812 380 1854 proclamationis5
395 1812 436 1844 ad
452 1812 614 1853 quosdam
633 1812 802 1853 episcopos
821 1812 1004 1853 provintiae
1019 1812 1201 1843 Remorum
1218 1812 1412 1852 [vi]cinosss⁶
1428 1813 1594 1850 direxerit,
1619 1813 1741 1854 procla-

92 1877 185 1898 mans
204 1877 237 1896 se
256 1866 379 1897 iniuste
399 1866 499 1896 fuisse
518 1866 753 1907 dampnatum,
773 1866 875 1906 q[u0d
893 1867 924 1905 a]
945 1865 1144 1906 quibusdam
1162 1876 1276 1897 eorum
1295 1866 1363 1896 sine
1382 1866 1581 1897 auctoritate
1598 1865 1742 1898 Romani

92 1919 257 1961 pontificis
278 1930 334 1961 pro
354 1930 390 1949 eo
410 1918 519 1950 valeat
538 1919 682 1960 synodus
701 1919 864 1950 renovari:
884 1919 941 1949 hoc
960 1918 1102 1959 qualiter
1120 1919 1246 1949 ratione
1263 1922 1373 1950 careat
1391 1923 1424 1949 et
1441 1920 1650 1956 auctoritate,
1670 1920 1741 1960 qui—

93 1972 171 2004 libet
191 1972 243 2003 vel
263 1973 374 2003 tenuis
401 1972 554 2004 scientiae
575 1973 682 2009 homo,
704 1972 761 2012 qui
782 1983 888 2003 sacros
907 1983 1047 2003 canones
1068 1971 1155 2012 legit,
1179 1972 1351 2004 manifeste
1371 1973 1545 2013 cognoscit.
1577 1973 1681 2009 Unde,
1706 1977 1741 2003 ut

90 2037 193 2068 pauca
208 2026 247 2057 de
262 2025 412 2067 pluribus
425 2026 475 2056 hic
492 2037 665 2067 ponamus,
686 2026 871 2056 Nichenum
885 2026 964 2056 dicit
977 2024 1189 2056 concilium⁷z
1206 2028 1342 2056 Similiter
1356 2030 1394 2056 ut
1406 2026 1496 2066 apud
1508 2025 1741 2057 Alexandriam

88 2087 117 2109 et
135 2083 213 2117 apud
232 2083 444 2113 Anthiochiam‚
472 2090 527 2120 per
546 2087 654 2110 ceteras
672 2083 831 2116 provintias
849 2083 906 2107 suis
924 2082 1071 2116 privilegia
1087 2086 1236 2108 serventur
1253 2082 1386 2113 ecclesiis,
1405 2083 1472 2116 quia
1488 2086 1519 2108 et
1537 2083 1613 2108 urbis
1633 2083 1740 2109 Romae

87 2137 220 2170 episcopo
239 2137 359 2170 p[ar]ilis
378 2145 438 2162 mos
455 2140 507 2162 est.
532 2133 576 2164 Et
595 2131 960 2173 constantinopolitana
978 2132 1121 2172 synodus
1138 2132 1218 2162 dicit
1226 2132 1249 2164 ⁸.
1270 2135 1307 2163 ut
1324 2135 1382 2164 illa.
1402 2144 1474 2169 quae
1491 2139 1559 2162 sunt
1576 2145 1625 2170 per
1642 2145 1740 2162 unam-

89 2198 231 2224 quamque
250 2190 435 2224 provintiam,
463 2191 552 2224 ipsius
571 2190 730 2223 provintiae
749 2189 874 2223 synodus
892 2189 1046 2222 dispenset,
1064 2189 1138 2214 sicut
1156 2188 1283 2215 Nicheno
1303 2192 1417 2215 constat
1434 2189 1580 2215 decretum
1597 2197 1657 2215 esse
1677 2198 1740 2215 con-

92 2244 163 2269 cilio.
190 2240 233 2270 Et
251 2240 446 2271 Bonefacius
463 2251 548 2281 papa
565 2240 605 2271 ad
624 2239 790 2271 Hilarium
804 2238 1048 2270 Narbonensem
1064 2238 1256 2279 episcopum
1271 2239 1412 2270 decrevit
1428 2238 1572 2270 dicens⁹z
1600 2242 1741 2269 Advertat

88 2297 192 2323 caritas
208 2301 258 2323 tua
273 2296 345 2323 adeo
362 2305 412 2322 nos
429 2305 572 2323 canonum
587 2300 740 2330 praecepta
754 2304 876 2325 servare,
892 2299 925 2321 ut
938 2296 980 2321 ita
996 2295 1189 2328 constitu[ti]o
1205 2303 1316 2328 quoque
1332 2298 1431 2322 nostra
1445 2295 1579 2326 diffiniat,
1599 2299 1739 2329 quatenus

88 2349 301 2383 metropolitani
314 2350 358 2376 sui
371 2358 560 2384 unaquaeque
574 2350 719 2383 provintia
731 2350 759 2374 in
773 2349 904 2375 omnibus
917 2348 1000 2374 rebus
1013 2348 1222 2374 ordinationem
1234 2357 1344 2382 semper
1355 2353 1497 2382 expectet.
1512 2349 1589 2375 Nulli
1595 2345 1622 2364 10
1633 2350 1740 2375 etenim

170 2438 194 2465 ⁸)
212 2443 225 2459 e
242 2435 310 2459 nicht
326 2435 394 2458 mehr
408 2435 545 2458 erkenubar
563 2435 593 2458 Β.
681 2434 704 2462 ¹¹)
725 2435 774 2458 Am
784 2434 930 2458 Zeilenende
946 2433 1001 2457 sehr
1014 2433 1122 2464 ‘z-erblasst
1142 2434 1171 2457 R.
1258 2437 1280 2463 e)
1294 2433 1442 2465 exemplum
1458 2435 1488 2458 B.
1574 2433 1599 2463 d)
1611 2434 1738 2457 Zwischm

88 2480 109 2503 si
126 2480 180 2503 und
200 2483 228 2503 ut
246 2481 258 2503 1
276 2479 377 2503 Buchst.
398 2480 462 2507 rad„
484 2479 544 2503 wohl
563 2489 575 2503 (-
599 2480 628 2502 Β.
732 2482 755 2505 ἓ)
778 2479 834 2502 Reus-t
854 2479 895 2502 deus
911 2478 1003 2501 Blattes
1020 2477 1200 2508 abyeechnitten
1222 2478 1252 2502 Β.
1291 2478 1340 2509 179ῑ.
1357 2479 1421 2503 auch
1437 2479 1520 2503 Neues
1537 2479 1629 2503 Archiv
1645 2480 1684 2505 421,
1699 2480 1737 2503 44.

89 2522 107 2553 ¹)
124 2524 144 2548 Z
149 2524 227 2548 weites
237 2532 252 2548 o
263 2523 422 2555 ‘albeme-sehr..
435 2524 505 2548 stark
515 2524 622 2553 verblala't
636 2524 665 2547 Β.
753 2525 775 2552 g)
794 2523 818 2546 H
822 2523 856 2545 ier
867 2523 920 2546 *aad
930 2522 965 2545 im
976 2522 1103 2552 folqenden
1115 2522 1159 2546 das
1171 2522 1392 2552 Erinqelclanwnerte
1403 2523 1471 2546 'nicht
1482 2523 1549 2546 mehr
1559 2522 1694 2546 erkennbur
1708 2523 1737 2546 Β.

199 2595 223 2625 l)
249 2593 340 2619 Codex
354 2602 492 2619 canonum
512 2593 613 2627 (1609)
634 2594 661 2618 S.
676 2593 766 2625 3301.;
786 2592 938 2618 Hinschius
950 2592 979 2617 S.
993 2592 1045 2617 527
1061 2592 1156 2624 (J.-K.
1171 2592 1250 2624 311).
1360 2593 1387 2623 2)
1407 2592 1548 2619 Schwartz.
1563 2592 1631 2617 Acca
1643 2592 1736 2617 concil.

87 2647 220 2664 aec-umen.
234 2638 278 2669 II,
292 2638 308 2663 4
321 2638 349 2664 S.
364 2639 414 2668 58:
429 2639 528 2664 Mami
543 2638 653 2668 VJ‚196
673 2637 768 2669 (J.-K.
790 2637 867 2669 45¹2).
981 2636 1008 2666 3)
1024 2636 1080 2668 Vyl.
1100 2636 1164 2661 oben
1183 2636 1211 2662 S.
1227 2637 1241 2662 7
1261 2636 1294 2662 A.
1308 2637 1333 2662 5.
1443 2638 1470 2668 4)
1490 2637 1548 2668 Aa)
1566 2636 1611 2661 der
1630 2635 1737 2669 Synmle

88 2691 137 2708 von¹
156 2682 284 2708 Soissons
303 2683 364 2708 862.
480 2684 507 2713 5)
527 2682 610 2708 Nicht
627 2682 752 2707 erhalten.
865 2681 892 2711 6)
912 2680 1033 2705 Gemez'nt
1051 2680 1115 2706 sind
1134 2680 1201 2706 olme
1219 2681 1328 2713 Zweifel
1347 2680 1391 2706 die
1409 2680 1614 2713 lothrinqischen
1638 2680 1735 2705 Metro.

88 2727 196 2759 pomeri,
227 2727 276 2760 vyl.
302 2727 394 2753 Neues
418 2727 520 2752 Archiv
542 2727 585 2754 44,
606 2727 649 2752 52.
772 2726 798 2756 7)
827 2725 856 2750 C.
877 2726 902 2755 6,
928 2724 1018 2750 C'oclea:
1044 2733 1177 2750 canonum
1207 2725 1308 2757 (1009)
1337 2725 1365 2750 S.
1387 2725 1402 2750 4
1414 2734 1422 2754 ,·
1453 2724 1606 2751 Hinschius
1632 2724 1660 2749 S.
1675 2724 1735 2749 53:25.

91 2773 118 2802 8)
136 2771 227 2796 Codex
243 2780 379 2797 canonum
399 2772 502 2804 (1609)
521 2771 550 2796 S.
564 2772 599 2797 90
616 2780 636 2796 c.
650 2770 680 2800 2‚-
698 2769 850 2796 Hz'nschius
867 2770 895 2794 S.
910 2769 962 2794 276
980 2777 1001 2793 c.
1015 2769 1040 2794 3.
1134 2770 1161 2800 9)
1181 2769 1271 2794 Οοάε,ιτ
1285 2778 1420 2794 canonum
1438 2769 1539 2801 (1609)
1560 2769 1587 2794 S.
1603 2768 1654 2794 402
1672 2778 1693 2793 c.
1708 2768 1736 2795 4.-

88 2815 240 2841 Hinschius
258 2815 286 2841 S.
300 2816 353 2841 556
374 2816 475 2848 (J.-K.
495 2815 573 2847 362).
690 2816 732 2845 10)
752 2815 785 2839 A.
800 2813 866 2838 (μθ.
891 2812 987 2838 vorher.

1777 309 1849 338 863.

1763 749 1823 770 Phil.
1835 750 1854 773 2,
1867 750 1886 769 3.

1764 789 1813 813 Vgl.
1825 789 1893 825 Ifum.
1904 790 1939 813 21,
