2220 3192
66 803 94 822 10

66 1068 92 1088 15

64 1333 92 1353 20

64 1888 92 1907 80

66 2167 94 2186 85

66 2433 94 2451 -10

69 2733 80 2751 4
83 2733 95 2751 ὅ

688 226 875 253 HINKMAR
895 228 973 254 VON
994 227 1113 254 REIMS
1135 229 1194 254 184.
1701 228 1756 255 181

118 316 198 343 sunt
218 313 325 344 missa.
356 312 502 353 Indeque
521 324 539 343 a
558 313 679 344 domno
699 315 893 355 imperatore
915 316 1086 348 Hlothario
1105 328 1200 348 suam
1218 317 1393 358 epistolam
1411 317 1517 348 eidem
1535 317 1636 348 Leoni
1656 328 1758 358 papae

113 365 303 406 dirigentel.
324 365 359 396 in
377 376 443 406 qua
463 365 603 406 scripsit,
624 371 790 407 quantum
811 379 867 409 pro
888 369 1094 401 restitutione
1113 370 1235 401 Ebonis
1254 371 1343 412 apud
1364 370 1513 411 Sergium
1533 381 1655 412 papam
1674 374 1758 402 sate-

113 418 215 460 gerit2
230 423 263 450 et
279 418 359 450 nihil
372 418 519 459 optinere
536 420 691 459 potuerit,
708 420 872 452 favoribus
888 427 1058 463 prosecuta
1073 427 1106 454 et
1119 423 1159 454 ab
1173 424 1287 454 eodem
1302 424 1407 455 Leone
1423 435 1509 465 papa
1522 428 1556 454 et
1572 435 1633 455 usu
1648 423 1758 465 pallji³

113 476 147 503 et
170 471 335 513 privilegio
364 471 447 502 sedis
469 471 667 512 apostolicae
695 484 732 503 ac
756 473 904 514 pluribus
925 475 1112 516 apostolicis
1134 477 1201 507 suis
1222 477 1378 517 epistolis,
1404 481 1441 507 ut
1461 476 1612 509 videlicet
1633 477 1667 508 in
1689 477 1758 508 loco

118 526 257 567 pastoris
283 525 461 556 sacerdotio
488 525 647 561 defuncti,
675 530 725 556 est
754 526 921 558 multoties
947 528 1138 569 adprobata.
1184 530 1356 570 Quamque
1383 530 1624 561 ordinationem
1653 541 1759 561 meam

114 582 245 610 sanctae
265 578 437 610 memoriae
455 578 559 618 gratia
577 582 611 608 et
630 579 760 609 nomine
780 579 976 611 Benedictus
985 581 1008 612 4.
1027 583 1082 613 sed
1099 586 1132 613 et
1149 582 1290 614 domnus
1307 594 1343 614 ac
1363 587 1455 624 pater
1474 587 1581 615 noster
1600 595 1685 625 papa
1703 583 1758 614 Ni-

112 631 245 663 colaus⁵
263 632 329 662 suis
349 630 525 672 privilegiis
543 642 616 662 eam
633 632 893 664 corroborarunt.
931 634 1020 670 Quae
1039 635 1073 665 in
1091 635 1267 676 episcopali
1283 636 1418 667 concilio
1437 640 1470 667 et
1487 641 1564 668 ante
1582 637 1758 668 ordinatio-

115 696 191 716 nem
208 685 322 716 electio
340 689 373 716 et
394 689 506 726 postea
524 685 687 716 ordinatio
705 686 860 716 canonice
881 690 1011 727 patrata
1031 688 1128 718 fuisse
1149 699 1213 719 non
1231 693 1345 720 contra
1363 690 1598 731 cuiuscumque
1616 690 1757 730 questio-

115 749 201 775 nem,
222 739 277 769 sed
296 738 451 769 adversus
471 739 717 770 susurrantium
736 743 836 779 atque
856 739 982 770 occulte
1006 741 1238 772 musitantium
1258 742 1491 783 derogationes,
1514 747 1551 774 ut
1570 743 1677 774 omnis
1698 743 1757 773 ini-

116 792 226 833 quitas
242 791 405 833 oppilaret
421 802 456 822 os
472 802 582 828 suum,
599 802 641 822 ex
657 792 755 822 sacris
772 792 889 832 regulis
905 797 955 823 est
970 793 1206 825 demonstrata.
1235 794 1297 826 Sed
1312 800 1346 826 et
1362 795 1442 827 illud
1459 796 1493 826 in
1509 807 1606 827 causa
1623 800 1683 832 est,
1699 807 1758 826 cur

114 845 189 876 inde
206 845 241 876 in
260 844 386 877 nullam
403 844 652 876 altercationem
669 849 784 876 contra
801 856 1043 887 quemcumque
1064 848 1157 878 modo
1176 848 1297 879 intrare
1317 860 1382 879 non
1399 848 1583 885 deliberem,
1601 850 1758 890 quoniam

114 899 253 930 domnus
269 909 354 940 papa
369 899 435 929 suis
450 898 637 939 apostolicis
655 897 772 929 litteris
790 898 868 929 mihi
884 910 949 929 non
964 900 1104 941 scripsit,
1124 904 1161 930 ut
1176 901 1371 942 cuicumque
1390 902 1463 932 inde
1482 913 1537 943 per
1553 903 1758 943 questionem

113 952 249 983 debeam
262 952 391 983 reddere
405 952 578 983 rationem.
611 952 705 989 Quod
720 963 785 983 non
798 952 836 982 de
850 952 1034 983 diffidentia
1046 954 1128 987 dico,
1142 954 1237 994 quasi
1249 954 1524 986 documentorum
1537 955 1758 996 probamentis

114 1005 155 1036 ad
171 1006 234 1036 ista
248 1005 399 1037 deficiam
410 1024 454 1028 —
469 1005 503 1036 in
518 1016 583 1046 quo
600 1006 668 1036 iure
684 1005 710 1036 si
726 1005 799 1046 quis
813 1005 924 1041 audet,
941 1006 1044 1037 audeo
1060 1010 1093 1037 et
1107 1017 1164 1046 ego
1176 1026 1228 1040 -,
1245 1008 1299 1038 sed
1316 1008 1431 1038 Leonis
1445 1008 1486 1038 ad
1502 1009 1643 1039 Leonem
1657 1020 1757 1049 augu-

114 1064 205 1090 stum
219 1059 316 1090 verba
333 1070 390 1100 pro
407 1059 538 1090 modulo
556 1070 625 1090 meo
640 1069 778 1099 sequens
793 1059 931 1090 dicentis
941 1060 964 1091 6,
982 1065 1048 1096 quia
1062 1064 1097 1089 de
1112 1063 1195 1089 rebus
1209 1066 1238 1089 et.
1252 1064 1328 1097 apud
1345 1065 1461 1091 Niceam
1475 1067 1504 1090 et
1518 1065 1593 1098 apud
1609 1065 1757 1092 Calchedo-

114 1124 192 1146 nam,
210 1116 284 1142 sicut
303 1116 363 1142 Deo
384 1115 500 1149 placuit,
520 1115 645 1141 definitis
664 1116 774 1142 nullum
793 1116 930 1142 audemus
949 1117 1019 1142 inire
1038 1119 1206 1146 tractatum,
1226 1120 1374 1150 tamquam
1393 1117 1481 1143 dubia
1500 1119 1543 1143 vel
1562 1118 1674 1144 infirma
1692 1119 1758 1147 sint.

115 1178 188 1203 quae
206 1172 289 1196 tanta
307 1178 356 1203 per
373 1172 505 1195 sanetum
522 1170 655 1203 spiritum
674 1169 737 1195 fixit
754 1170 919 1195 auctoritas.
950 1167 1033 1197 Cuni
1051 1170 1166 1197 tantus
1184 1177 1220 1196 ac
1239 1171 1351 1197 tantae
1370 1168 1453 1198 sedis
1472 1178 1556 1208 papa
1574 1179 1606 1198 se
1624 1168 1663 1198 ad
1682 1168 1758 1198 haec

113 1219 235 1250 dixerit
256 1230 321 1250 non
341 1219 471 1256 audere,
493 1230 550 1259 ego
571 1218 724 1250 tantillus
745 1219 918 1250 homuntio
939 1230 1037 1260 super
1057 1231 1105 1255 ea,
1127 1231 1210 1260 quae
1232 1224 1283 1250 tot
1302 1220 1515 1251 conciliorum
1535 1224 1568 1251 et
1589 1224 1759 1251 tantorum

116 1272 312 1314 pontificum
332 1272 417 1304 sedis
438 1271 636 1314 apostolicae
658 1272 696 1303 de
718 1273 923 1303 ordinatione
948 1284 1028 1309 mea,
1051 1272 1299 1314 qualiscumque
1322 1273 1424 1315 plebis
1444 1274 1503 1304 Dei
1526 1273 1653 1310 famuli,
1675 1274 1759 1304 sicut

113 1326 295 1358 certissima
322 1326 526 1358 monimenta
550 1325 728 1362 declarant,
753 1326 947 1367 adprobavit
972 1330 1005 1356 et
1032 1326 1116 1356 fixit⁷
1141 1331 1307 1361 auctoritas,
1328 1334 1477 1365 tamquam
1496 1331 1531 1356 de
1553 1339 1589 1356 re
1608 1330 1695 1356 dubia
1714 1330 1758 1356 vel

113 1383 235 1414 infirma,
255 1383 364 1409 nullum
383 1383 483 1410 audeo
501 1384 571 1409 inire
591 1383 769 1410 certamen.

203 1446 241 1476 V.
256 1446 303 1476 De
318 1446 367 1477 his
380 1450 495 1477 autem
510 1445 667 1476 fratribus
682 1446 812 1479 nostris,
827 1445 865 1476 de
880 1445 1000 1486 quibus
1016 1456 1120 1486 nuper
1136 1446 1227 1476 nobis
1241 1446 1460 1477 communiter
1474 1447 1615 1477 domnus
1628 1450 1758 1487 aposto-

114 1498 196 1530 licus
213 1499 354 1540 scripsit,
374 1500 401 1530 si
419 1499 511 1530 vobis
528 1499 569 1530 ad
587 1498 766 1540 apostolica
784 1499 906 1540 scripta
926 1510 991 1529 non
1009 1499 1133 1530 sufficit
1150 1499 1255 1530 brevis
1273 1511 1291 1530 a
1312 1511 1361 1530 me
1379 1500 1456 1530 data
1474 1500 1669 1540 responsio&
1689 1510 1758 1530 0000

113 1551 240 1584 habetis
258 1557 348 1593 gesta
368 1551 566 1594 episcopalia
585 1556 618 1583 et
642 1552 808 1594 privilegia
831 1552 945 1583 domni
970 1552 1137 1583 Benedicti
1146 1553 1159 1569 ⁹
1182 1556 1215 1583 et
1237 1553 1349 1584 domni
1372 1552 1540 1585 Nieolaim.
1563 1564 1646 1593 quae
1669 1552 1759 1584 vobis

80 1617 92 1636 τι
114 1606 354 1643 demonstrant,
375 1617 440 1647 qua
461 1607 586 1637 ratione
607 1610 640 1636 et
659 1617 725 1647 quo
745 1606 856 1637 ordine
876 1616 982 1646 quave
1002 1606 1200 1636 auctoritate
1220 1610 1253 1636 et
1272 1618 1290 1637 a
1310 1606 1429 1647 quibus
1449 1610 1482 1637 et
1504 1605 1557 1637 ubi
1576 1610 1610 1636 et
1628 1606 1759 1647 quando

116 1664 247 1701 patrata
268 1660 346 1696 sint,
368 1671 452 1701 quae
474 1660 509 1690 in
530 1670 584 1690 eos
605 1663 679 1690 acta
701 1660 847 1690 fuerunt.
888 1659 1014 1696 Quibus
1036 1659 1190 1690 omnibus
1213 1660 1424 1700 perscrutatis
1446 1659 1627 1690 secundum
1647 1659 1759 1690 domni

114 1717 148 1744 et
169 1713 271 1755 patris
293 1713 395 1744 nostri
415 1712 587 1754 apostolici
603 1724 706 1754 papae
721 1713 992 1744 discretissimum
1012 1724 1048 1743 ac
1070 1712 1212 1753 regulare
1236 1713 1441 1749 mandatum⁷
1462 1713 1549 1753 quod
1569 1713 1707 1742 iustumll
1727 1716 1759 1743 et

116 1771 195 1804 pium
213 1771 408 1799 inveneritis,
427 1767 609 1798 secundum
628 1777 769 1797 canones
787 1777 895 1797 sacros
913 1767 1075 1797 decernite
1095 1770 1128 1797 et
1146 1766 1267 1807 absque
1288 1765 1364 1799 ulla.
1384 1770 1549 1807 quantum
1567 1777 1608 1796 ex
1630 1777 1679 1796 me
1698 1770 1758 1801 cst,

116 1824 340 1851 contradictione
356 1823 496 1858 perficite3
511 1820 600 1861 quia,
612 1820 696 1851 sicut
714 1820 747 1850 in
759 1820 964 1861 praecedenti
979 1818 1109 1850 scedula
1124 1819 1215 1850 vobis
1230 1820 1387 1860 serips112,
1400 1830 1456 1850 1100
1473 1818 1559 1850 illius
1574 1818 1759 1860 apostolicis

117 1874 297 1915 praeceptis
320 1885 376 1904 nec
398 1874 514 1904 vestris
536 1872 737 1914 regularibus
757 1873 1012 1904 diffinitionibus
1032 1873 1265 1904 contradicam.

203 1941 260 1971 VI.
283 1940 437 1971 Ceterum
457 1940 484 1971 si
504 1944 631 1970 vestrae
652 1939 876 1981 beneplacitae
898 1939 1063 1970 voluntati
1086 1939 1301 1969 necessarium
1321 1939 1431 1969 visum
1453 1939 1551 1968 fuerit
1568 1957 1611 1960 -—
1632 1948 1696 1967 non
1717 1937 1758 1967 ad

118 1993 218 2025 ullam
234 1994 482 2024 contentionem
500 2004 556 2024 1100
573 1994 748 2024 adversum
764 1992 903 2024 alicuius
919 1992 1135 2033 questionem,
1153 1992 1207 2022 sed
1224 1992 1264 2022 ob
1282 1991 1459 2032 pleniorem
1477 1991 1520 2021 rei
1538 1990 1691 2021 notitiam
1705 2008 1757 2026 ——‚

118 2052 154 2078 ut
175 2048 213 2078 de
234 2047 357 2078 Ebonis
377 2047 483 2078 adhuc
506 2046 606 2077 latius
627 2046 765 2087 regulari
786 2046 987 2087 depositione
1009 2050 1042 2076 et
1065 2045 1154 2076 nulla
1174 2045 1330 2075 canonica
1351 2044 1568 2079 restitutione,
1591 2044 1645 2074 sed
1665 2047 1699 2073 et
1719 2043 1757 2073 de

117 2112 198 2135 mea.
212 2100 353 2142 qualiter
365 2100 527 2131 celebrata
539 2101 593 2136 sit,
607 2100 812 2131 ordinatione
826 2099 877 2131 vel
889 2110 954 2140 qua
969 2099 1093 2129 ratione
1108 2099 1221 2128 fratres
1234 2102 1267 2128 et
1279 2097 1459 2138 coepiscopi
1475 2097 1574 2127 nostri
1588 2096 1621 2127 in
1635 2096 1757 2136 synodo

118 2153 307 2185 Meldensil³
325 2153 406 2185 filios
416 2154 587 2185 Remensis
603 2153 765 2186 ecclesiae,
777 2154 815 2184 de
831 2153 950 2193 quibus
966 2152 1086 2192 agitur,
1097 2152 1340 2192 suspenderunt
1354 2150 1405 2181 vel
1422 2151 1506 2181 unde
1522 2150 1648 2190 accepit
1665 2148 1757 2180 Sues-

116 2208 225 2238 sonica
247 2207 425 2248 synodus¹4
449 2218 513 2238 non
529 2207 642 2238 debere
665 2207 699 2238 in
715 2206 866 2247 gradibus
889 2205 1110 2236 ecclesiasticis
1132 2215 1184 2235 eos
1210 2215 1337 2235 manere
1367 2204 1528 2234 rationem
1556 2206 1589 2233 et
1611 2203 1758 2233 ordinem

115 2265 214 2302 atque
235 2261 484 2292 auctoritatem:
513 2271 597 2301 quae
619 2260 662 2291 ibi
684 2264 813 2290 ostensa
834 2264 867 2290 et
894 2270 913 2289 a
934 2257 1152 2289 sollicitudine
1173 2257 1363 2297 exiguitatis
1386 2267 1473 2287 meae
1495 2259 1646 2296 suscepta
1667 2259 1756 2291 sunt,

118 2325 156 2344 ne
179 2313 345 2345 offendam
367 2314 505 2345 reticens
528 2314 700 2344 dicendam
724 2314 757 2343 in
780 2317 926 2353 tempore
949 2311 1134 2347 veritatem,
1158 2315 1283 2341 vestrae
1306 2309 1505 2340 fraternitati
1529 2309 1668 2350 pandere
1693 2319 1757 2338 non

118 2367 255 2407 negabo;
282 2371 418 2398 tantum
443 2372 480 2398 ut
498 2378 563 2398 non
580 2378 637 2397 vos
655 2377 780 2398 morosa
796 2370 829 2396 et
846 2366 927 2395 sorte
944 2365 1046 2399 vobis,
1063 2365 1089 2395 si
1106 2368 1184 2394 nota
1200 2367 1259 2400 est,
1278 2374 1342 2394 non
1360 2362 1535 2393 necessaria
1551 2362 1633 2392 ratio
1649 2362 1757 2392 tedeat

117 2425 149 2451 et
169 2421 212 2451 sic
232 2421 352 2452 veritas
371 2432 389 2451 a
413 2432 463 2452 me
485 2421 587 2461 possit
607 2420 744 2452 ostendi.
765 2422 928 2460 quatenus
948 2422 1073 2448 vestrae
1095 2416 1324 2448 unanimitatis
1342 2416 1459 2446 caritas
1479 2426 1551 2455 erga
1574 2426 1623 2446 me
1643 2414 1758 2445 debeat

212 2556 236 2585 1)
259 2554 322 2580 MG.
340 2554 428 2587 Epist.
443 2554 473 2581 Γ,
489 2554 542 2579 609
550 2554 578 2587 ff.
596 2554 645 2578 Ns.
660 2554 707 2580 210⁴:
732 2552 915 2578 sslnhllmclwr.
942 2552 1064 2583 Iicycslen
1082 2551 1091 2565 ²
1110 2559 1134 2574 n.
1153 2550 1231 2575 1149.
1344 2549 1370 2580 2)
1392 2548 1420 2573 S.
1445 2548 1513 2572 anch
1537 2550 1616 2572 11111011
1643 2547 1692 2572 Nr.
1706 2547 1758 2571 198

118 2598 146 2622 S.
159 2598 213 2623 :210
227 2598 257 2623 Z.
271 2598 303 2623 31
313 2598 349 2631 s.;
368 2598 554 2626 Mnhlbacleen
572 2598 698 2630 Reqesten
710 2598 719 2611 Ε
737 2606 762 2621 71.
777 2596 876 2621 1124a.
990 2595 1017 2626 3)
1038 2594 1091 2626 Vqr.
1110 2594 1173 2619 MG.
1190 2593 1277 2626 Epist.
1294 2593 1322 2619 1⁷.
1334 2592 1410 2624 590st
1429 2592 1478 2617 Nr.
1489 2592 1530 2616 12.
1546 2592 1579 2616 1-'2'
1593 2591 1648 2615 wid.
1664 2591 1691 2615 S.
1706 2591 1756 2615 591

119 2642 153 2667 A.
168 2642 191 2667 1.
209 2642 237 2667 S.
254 2642 323 2667 ηιιςΙι
338 2642 414 2667 Flod.
433 2642 506 2667 Hist.
527 2643 601 2667 Rem.
619 2641 678 2666 secl.
697 2641 758 2666 III.
776 2641 818 2667 111,
837 2640 899 2665 MG.
917 2639 967 2664 SS.
987 2639 1077 2665 XIII.
1095 2638 1156 2663 482.
1187 2653 1221 2655 —
1251 2636 1434 2663 Malam-her,
1460 2636 1581 2667 Reqesten
1606 2636 1615 2649 -'
1639 2634 1756 2659 n.1149.

119 2688 146 2717 4)
165 2687 219 2718 Vqr.
244 2687 307 2712 MG.
331 2687 420 2720 Epist.
437 2687 485 2713 VI.
503 2687 581 2718 30¹7st
601 2686 650 2711 Nr.
665 2686 721 2710 59«
742 2684 832 2716 (.J.-E.
847 2684 944 2715 2664).
1058 2684 1085 2713 5)
1104 2682 1158 2714 Vql.
1180 2682 1243 2707 ΜΗ.
1267 2681 1351 2713 Epist.
1370 2680 1418 2708 VJ,
1438 2680 1525 2712 30²5ff.
1547 2679 1595 2704 Nr.
1609 2679 1643 2704 59
1665 2678 1755 2710 (ιλ-Ε.

119 2730 216 2763 2721)).
320 2732 347 2762 6)
368 2730 523 2756 Hinschius
536 2731 564 2755 S.
579 2730 631 2755 579
652 2729 746 2762 (ιλ-Κ.
761 2729 838 2760 539).
952 2728 978 2757 7)
997 2726 1053 2759 Vqr.
1071 2726 1135 2752 oben.
1146 2726 1177 2751 Z.
1191 2726 1263 2758 15ff.
1375 2725 1402 2755 8)
1419 2724 1473 2756 Vyl.
1488 2723 1549 2748 oben
1566 2723 1593 2747 S.
1608 2722 1659 2748 174
1670 2723 1699 2747 Z.
1713 2722 1755 2754 9s.

119 2775 146 2805 9)
165 2775 219 2807 Vql.
244 2775 305 2800 oben
330 2776 365 2800 A.
379 2775 403 2800 4.
503 2776 546 2805 10)
565 2774 620 2806 l'gyl.
639 2774 701 2799 oben
721 2773 792 2798 (15.
890 2773 932 2802 ll)
954 2771 982 2796 S.
1000 2770 1066 2795 anch
1085 2770 1147 2795 oben
1166 2770 1194 2795 S.
1209 2769 1261 2794 174
1276 2769 1306 2793 Z.
1326 2769 1340 2793 7
1360 2768 1413 2793 [md
1430 2769 1463 2793 A.
1479 2768 1501 2792 7.
1520 2767 1544 2792 S.
1641 2767 1683 2796 12)
1702 2766 1756 2798 Vql.

119 2818 180 2843 oben
196 2819 224 2843 S.
238 2819 290 2844 177
302 2819 331 2844 Z.
348 2819 389 2851 7j.
506 2819 549 2849 13)
570 2818 630 2843 845,
644 2817 699 2849 Ῑ”91,
711 2817 777 2841 anch
797 2819 874 2840 aulen
892 2816 941 2840 Ns.
955 2815 1007 2840 198
1022 2814 1050 2839 S.
1063 2814 1116 2839 212
1133 2814 1162 2839 Z.
1176 2814 1209 2839 :21
1219 2814 1246 2847 [l.
1264 2828 1298 2830 ——
1312 2812 1421 2837 Schrbrs
1434 2812 1461 2837 S.
1476 2812 1518 2836 0'1.
1634 2812 1675 2842 14)
1696 2810 1756 2835 853.

1785 319 1858 350 866.

1773 749 1823 773 vgl.
1831 749 1867 770 Pu.
1880 750 1969 774 106‚42.
