2220 3192
351 307 423 337 867.

264 1111 347 1131 Matth.
359 1113 379 1131 ὁ.
391 1112 427 1131 28.

306 2172 346 2192 Iob
358 2173 394 2196 16,
407 2173 426 2192 7.

450 216 510 244 206
1014 212 1201 238 HINKMAR
1222 213 1297 239 VON
1319 213 1438 239 REIMS
1460 214 1518 239 198.

449 305 640 336 Sues-sorum
662 302 850 343 episcopus¹
873 305 907 331 ct
930 301 1129 332 Hincmarus
1153 301 1380 339 Laudunensis
1400 302 1593 344 episcopus²
1615 304 1850 338 convenerunt,
1872 303 2086 334 conveniente

445 358 545 389 etiam
570 356 715 397 praefato
738 354 856 386 dilecto
880 354 978 385 fratre
1003 358 1112 384 nostro
1134 354 1286 392 vulfado,
1309 354 1435 386 litteras
1458 355 1682 386 sanctissimae
1700 355 1917 395 'paternitatis
1940 359 1974 386 et
1997 366 2085 397 prae-

444 410 690 442 cellentissimae
705 408 913 438 auctoritatis
922 407 1069 438 vestrae³
1084 418 1194 439 coram
1208 409 1321 439 eodem
1335 409 1456 439 domno
1472 419 1542 449 rege
1557 412 1591 439 et
1606 407 1780 449 praedictis
1795 407 1951 439 fratribus
1968 410 2086 441 nostris

445 463 485 494 ab
501 462 633 502 Egilone
650 460 826 492 venerabili
842 460 1082 502 archiepiscopo
1100 460 1278 492 Sennensi4
1294 463 1414 503 accepi.
1442 462 1482 492 In
1499 461 1629 502 quibus,
1648 461 1703 491 sed
1719 464 1754 491 et
1769 461 1804 491 in
1821 460 1938 492 litteris
1955 473 2085 502 genera-

445 516 516 547 liter
532 515 572 545 ad
589 514 788 555 episcopos5,
805 515 862 554 qui
878 513 913 544 in
930 514 1052 554 synodo
1068 518 1176 546 vestra
1192 515 1388 546 auctoritate
1404 518 1597 555 congregata
1613 514 1703 554 apud
1721 513 1921 545 Suessionis⁶
1939 515 2084 553 fuerunt,

444 569 563 599 ibidem
587 567 712 598 relectis
735 570 847 598 tantas
870 571 903 598 et
925 566 1008 598 tales
1030 567 1268 609 increpationes
1290 568 1481 609 indignitati
1506 578 1594 599 meae
1614 579 1633 598 a
1651 567 1812 608 dignitate
1834 571 1943 598 vestra
1966 568 2086 600 inlatas

444 621 566 657 inveni,
587 621 672 651 sicut
692 624 825 662 peccata
847 631 917 651 mea
939 624 1115 653 merentur.

532 674 626 705 Unde
648 674 674 704 si
698 684 849 715 praesens
870 684 1001 715 corpore
1023 673 1114 705 vobis
1136 674 1292 711 adessem,
1314 674 1402 715 quod
1425 678 1558 704 sanctus
1580 673 1716 714 spiritus
1739 683 1795 714 per
1817 684 1852 704 os
1873 673 1961 704 beati
1984 674 2086 705 Bene-

443 727 521 758 dicti
541 727 575 757 in
594 726 705 767 regula
724 727 765 758 ab
784 727 855 768 ipso
875 727 999 758 dictata
1020 727 1190 768 praecipit,
1211 727 1278 758 sine
1298 727 1508 758 cunctatione
1529 726 1581 757 vel
1599 726 1710 767 aliqua
1732 737 1821 757 mora
1841 727 1994 768 exsequi*
2014 738 2085 769 pro-

441 791 600 811 curarem.
624 784 652 810 Si
669 784 740 817 quis,
756 781 865 821 inquit
875 781 897 813 ⁷,
914 784 1002 810 frater
1017 793 1067 817 pro
1083 785 1184 818 quavis
1200 785 1317 810 minima
1333 792 1418 810 causa
1432 793 1449 810 a
1466 791 1645 817 quocumque
1660 783 1751 816 priore
1767 783 1836 809 suob
1852 784 2002 817 corripitur
2018 793 2085 818 quo-

441 837 512 863 libet
529 837 613 863 modo
630 837 676 863 vel
693 838 715 863 si
732 838 833 863 leviter
850 838 967 863 senserit
983 838 1095 864 animos
1113 837 1213 871 prioris
1231 838 1432 870 cuiuscumque
1450 840 1550 863 contra
1566 845 1595 862 se
1612 837 1701 862 iratos
1718 835 1763 862 vel
1781 839 1938 863 commotos
1956 838 2087 870 quamvis

443 891 561 921 modice,
577 899 643 916 mox
657 891 716 917 sine
732 899 810 917 mora
823 891 935 917 tamdiu
951 893 1110 925 prostratus
1123 891 1153 916 in
1167 893 1242 916 terra
1256 893 1323 916 ante
1337 890 1422 924 pedes
1435 891 1495 916 eius
1508 892 1601 916 iaceat
1615 890 1801 921 satisfaciens,
1816 898 1906 924 usque
1920 891 1990 916 dum
2004 891 2085 917 bene-

441 945 565 970 dictione
584 947 700 970 sanetur
718 944 766 971 illa
786 945 947 971 commotio.
986 941 1079 977 Quod
1098 941 1176 981 quia
1194 939 1404 981 corporaliter
1422 943 1500 970 ante
1518 943 1644 971 vestrae
1664 939 1852 970 sanctitatis
1870 940 2006 981 vestigia
2025 941 2085 972 im-

442 993 528 1035 plere
546 1004 611 1024 non
626 993 730 1030 valeo,
749 998 858 1025 mente
874 998 907 1024 et
923 994 1042 1034 spiritu
1060 993 1257 1034 ubicumque
1274 1004 1348 1024 sum
1364 1004 1442 1024 cum
1458 992 1568 1024 debita
1586 993 1706 1024 mentis
1721 993 1894 1024 devotione
1909 993 2084 1035 adimpleo,

441 1047 598 1078 suadente
619 1046 715 1078 beato
739 1046 909 1088 Gregori0⁸
931 1047 1117 1078 sanctitatis
1138 1050 1263 1077 vestrae
1293 1047 1531 1088 praedecessore
1553 1050 1652 1087 atque
1675 1046 1802 1077 dicente
1824 1046 1859 1077 in
1881 1047 2084 1088 expositione

442 1099 644 1141 evangelicae
663 1100 859 1132 sententiae:
877 1099 925 1131 ‘Si
943 1100 1038 1131 offers
1058 1111 1179 1131 munus
1197 1104 1296 1130 tuum
1313 1100 1355 1130 ad
1372 1098 1499 1137 altare’,
1517 1111 1554 1131 ac
1574 1098 1707 1140 reliqua.
1738 1103 1891 1134 DebemuS,
1910 1100 2029 1141 inquit,
2049 1104 2086 1130 ad

440 1158 603 1191 proximum
621 1158 752 1191 quamvis
769 1158 851 1191 longe
869 1158 994 1191 positum
1012 1157 1150 1190 longeque
1168 1157 1342 1183 disiunctum
1361 1160 1456 1182 mente
1473 1157 1512 1182 ire.
1531 1157 1612 1190 eique
1630 1157 1759 1182 animum
1776 1157 1905 1187 subdere,
1924 1157 2086 1184 humilitate

440 1211 519 1237 illum
533 1220 566 1237 ac
580 1210 771 1237 benivolentia
785 1206 922 1248 placare.
949 1211 988 1236 Et
1001 1210 1107 1237 scilicet
1121 1210 1250 1236 eonditor
1263 1213 1368 1240 noster,
1382 1210 1451 1236 dum
1465 1210 1523 1236 tale
1537 1210 1675 1244 placitum
1689 1213 1802 1236 nostrae
1817 1211 1920 1236 mentis
1933 1211 2085 1245 aspexerit,

440 1274 457 1290 a
473 1266 589 1298 peccato
600 1272 651 1290 nos
661 1264 761 1294 solvet,
779 1265 845 1297 quia
862 1272 964 1290 munus
980 1272 1029 1297 pro
1046 1264 1128 1297 eulpa
1143 1266 1245 1289 sumet.
1262 1259 1306 1290 Et
1321 1260 1398 1300 quia
1414 1264 1547 1301 tempus
1561 1271 1724 1296 annuum,
1740 1260 1828 1300 quod
1844 1260 1878 1290 in
1894 1259 2012 1291 litteris
2026 1260 2085 1291 hu-

442 1313 575 1345 militati
596 1324 684 1344 meae
703 1314 832 1344 directis
850 1314 889 1344 de
906 1324 1004 1344 causa
1023 1314 1132 1344 fratris
1150 1312 1282 1344 Vulfadi
1300 1317 1333 1343 et
1351 1312 1548 1354 collegarum
1565 1313 1634 1344 eius
1653 1313 1796 1349 inveni⁹‚
1815 1323 1856 1343 ex
1873 1313 2086 1354 benignitatis

439 1371 564 1397 vestrae
587 1367 830 1397 commotionee
856 1366 936 1397 mihi
959 1377 1149 1398 concessum
1173 1366 1331 1403 intellexi,
1356 1366 1482 1397 diutius
1506 1367 1665 1397 sustinere
1690 1377 1806 1407 passus
1830 1377 1896 1397 non
1920 1366 1980 1404 fui,
2004 1367 2086 1408 quin

441 1424 515 1462 post
531 1421 746 1451 reversionem
770 1420 808 1450 de
826 1420 973 1461 praefato
990 1420 1116 1457 itinere,
1135 1431 1221 1450 nunc
1238 1423 1473 1460 consequenter
1490 1419 1552 1450 isto
1569 1420 1626 1461 qui
1643 1420 1747 1450 instat
1766 1430 1876 1450 mense
1894 1419 1977 1451 Iulio
1996 1431 2086 1461 prae-

439 1474 542 1504 sentis
562 1473 633 1504 XV.
651 1473 839 1504 indictionis
855 1484 933 1504 cum
949 1473 1070 1504 domno
1088 1477 1198 1504 nostro
1216 1484 1287 1513 rege
1304 1473 1338 1503 in
1354 1473 1446 1503 hoste
1462 1484 1505 1503 ex
1521 1473 1612 1504 omni
1629 1483 1726 1514 regno
1743 1484 1804 1503 suo
1821 1472 1956 1504 collecta
1972 1477 2086 1504 contra

441 1527 607 1558 Brittones
617 1530 651 1557 et
658 1527 881 1558 Nortmannos
896 1525 959 1558 illis
972 1527 1209 1563 coniunctosm,
1222 1526 1306 1557 sicut
1320 1530 1354 1557 et
1367 1527 1465 1557 ceteri
1479 1527 1658 1557 confratres
1673 1537 1709 1557 ac
1724 1527 1968 1557 consacerdotes
1984 1527 2086 1558 nostri

439 1580 620 1611 secundum
647 1583 833 1611 nostrarum
858 1580 1027 1620 regionum
1051 1590 1183 1620 gravem
1207 1580 1481 1610 consuetudinem
1505 1590 1583 1611 cum
1607 1579 1675 1610 suis
1698 1580 1838 1616 vadunt,
1863 1590 1966 1620 quam
1990 1580 2083 1621 longe

439 1633 633 1664 infirmitate
654 1633 791 1664 attritus
813 1637 937 1674 potero,
958 1644 1036 1664 cum
1056 1632 1244 1664 hominibus
1265 1634 1457 1664 commissae
1481 1633 1560 1664 mihi
1581 1632 1733 1665 ecclesiae
1756 1637 1961 1675 perrecturus
1982 1644 2085 1674 quan-

439 1687 543 1718 totius
569 1687 662 1728 potui
687 1690 814 1717 vestrae
839 1685 1038 1717 sublimitati
1063 1686 1291 1717 satisfacturus
1316 1686 1374 1717 has
1400 1685 1599 1718 humilitatis
1626 1697 1715 1717 meae
1741 1685 1868 1717 litteras
1893 1687 1935 1718 ad
1958 1690 2085 1717 vestrae

439 1740 626 1771 sanctitatis
650 1740 798 1780 vestigia,
818 1740 977 1780 quoniam
996 1743 1129 1780 propter
1154 1739 1288 1770 insidias
1313 1739 1502 1781 principum
1530 1740 1609 1770 mihi
1635 1739 1875 1776 infestorumU,
1901 1739 2020 1781 quibus
2045 1739 2087 1771 ad

439 1805 497 1824 sua
516 1797 594 1824 vota
616 1792 739 1834 placere
762 1804 827 1824 non
846 1793 961 1830 audeo,
982 1797 1094 1834 aperte
1115 1803 1180 1823 non
1194 1792 1295 1829 valui,
1313 1793 1407 1824 modo
1428 1803 1493 1833 quo
1515 1793 1610 1834 potui
1630 1793 1854 1824 transmittere
1877 1793 2084 1824 maturavilss.

527 1847 675 1887 Denique
695 1850 770 1887 post
789 1847 952 1887 praefatas
969 1850 1096 1877 vestrae
1115 1846 1323 1877 auctoritatis
1341 1846 1495 1887 epistolas
1514 1846 1672 1878 relectum
1689 1850 1739 1877 est
1757 1846 1791 1877 in
1809 1846 1997 1887 supradicto
2016 1845 2085 1877 loco

438 1900 605 1931 decretum
615 1903 741 1931 vestrae
758 1900 995 1941 praeceptionis
1002 1899 1029 1919 ¹³
1039 1900 1077 1930 de
1094 1899 1300 1930 restitutione
1318 1899 1559 1940 praedictorum
1576 1900 1717 1930 fratrum
1735 1902 1932 1937 nostrorum,
1949 1904 1983 1930 et
1997 1900 2087 1940 quod

438 1953 625 1984 decrevistis
645 1952 783 1984 libenter
803 1952 949 1994 amplexi
970 1964 1095 1984 sumus.
1126 1952 1171 1983 Et
1190 1953 1278 1993 quod
1299 1953 1466 1994 praefatus
1486 1953 1692 1984 venerandus
1711 1952 1973 1994 archiepiscopus
1993 1952 2085 1994 Egilo

440 2006 519 2037 mihi
534 2017 575 2037 ex
589 2010 697 2037 vestro
716 2007 871 2038 mandato
887 2007 961 2037 inde
977 2006 1135 2043 iniunxit,
1151 2006 1219 2037 sine
1239 2006 1469 2037 retractatione
1489 2006 1605 2047 exequi
1627 2006 1810 2046 procuravi.
1837 2006 1910 2043 Qua
1928 2006 1966 2037 de
1986 2017 2018 2037 re
2040 2005 2086 2037 nil

438 2059 542 2096 ahter,
563 2060 624 2091 nisi
642 2059 746 2091 veluti
764 2071 783 2090 a
800 2064 909 2091 vestra
927 2060 1124 2090 auctoritate
1143 2063 1193 2090 est
1210 2059 1404 2096 diffinitum,
1423 2059 1458 2090 in
1477 2059 1690 2100 postmodum
1709 2063 1854 2100 repetere
1872 2060 1980 2100 cupio,
2000 2059 2086 2091 sicut

439 2113 473 2143 in
490 2124 640 2154 processu
656 2113 792 2144 horumd
807 2112 925 2145 doloris
942 2113 1005 2144 mei
1020 2112 1154 2154 apicum
1170 2123 1228 2154 pro
1243 2113 1463 2143 commotione
1478 2123 1552 2153 erga
1569 2123 1619 2143 me
1635 2116 1743 2143 vestra
1758 2112 1941 2154 explanans
1957 2112 2085 2154 plenius

441 2165 626 2204 inculcabo;
646 2167 681 2197 in
698 2166 829 2207 quibus,
851 2170 888 2197 ut
908 2166 1035 2207 legitur,
1055 2177 1074 2197 a
1088 2165 1234 2198 doloroso
1249 2165 1391 2197 dictum:
1410 2164 1457 2196 ‘Si
1475 2165 1606 2197 locutus
1625 2165 1727 2203 fuero,
1748 2177 1814 2196 non
1833 2166 1978 2207 quiescet
1995 2165 2086 2198 dolor

440 2230 542 2255 1116118,
557 2224 590 2250 et
605 2220 631 2250 si
646 2224 789 2256 tacuero,
802 2230 867 2250 non
882 2220 1007 2250 recedet
1021 2231 1040 2250 a
1056 2219 1131 2250 me'.
1149 2218 1220 2250 Scio
1231 2219 1331 2256 enim,
1343 2219 1431 2260 quia,
1444 2218 1524 2250 nisie
1540 2218 1682 2250 multam
1696 2218 1880 2259 rubiginem
1894 2219 1929 2250 in
1945 2230 1996 2250 me
2009 2229 2084 2250 con-

439 2273 577 2313 spiceret
595 2273 688 2304 fictor
708 2284 809 2309 meus,
829 2284 894 2303 non
912 2272 1033 2303 totiens
1054 2284 1104 2304 me
1122 2273 1185 2303 isto
1203 2273 1276 2313 igne
1295 2272 1497 2313 purgationis
1514 2283 1555 2303 ex
1572 2271 1769 2312 apostolicae
1787 2272 1870 2303 sedis
1887 2272 2084 2303 auctoritate

527 2372 584 2395 193.
605 2374 628 2399 ²³)
648 2371 681 2394 So
696 2372 726 2394 Β.
808 2370 832 2399 ¹³)
853 2367 1007 2401 Uberqeechr.
1023 2372 1053 2395 B.
1106 2373 1144 2400 '‘2)
1162 2370 1228 2394 Verb.
1241 2379 1289 2394 <ius
1301 2371 1503 2395 commonitione
1515 2371 1545 2394 B.
1615 2369 1640 2401 d)
1658 2370 1751 2394 harum
1764 2370 1794 2393 B.
1863 2372 1887 2399 Ε)
1906 2371 1915 2393 i
1929 2371 1985 2401 (am
1998 2370 2085 2399 Ende)

439 2414 588 2444 iiberqesrhr.
611 2415 640 2438 B.

534 2495 559 2524 l)
580 2494 608 2518 S.
628 2494 693 2518 oben.
712 2494 740 2518 S.
757 2494 771 2518 7
790 2494 824 2518 A.
839 2495 863 2518 5.
974 2494 1002 2524 2)
1023 2494 1052 2519 S.
1077 2494 1139 2519 oben
1165 2493 1193 2519 S.
1208 2495 1241 2519 55
1266 2494 1300 2519 A.
1315 2494 1339 2519 4.
1452 2494 1479 2525 3)
1501 2493 1565 2519 MG.
1591 2493 1679 2526 Epist.
1702 2493 1750 2521 VJ,
1775 2493 1862 2526 422ff
1887 2493 1938 2518 ΝΤ.
1952 2493 1995 2523 80,
2026 2501 2083 2518 vom

439 2539 464 2562 θ’.
479 2537 621 2562 Βεεωηὺεν
644 2538 696 2562 866
723 2537 815 2569 (J.-E.
829 2537 927 2570 2323).
1040 2540 1068 2570 4)
1086 2537 1142 2571 Vql.
1165 2538 1230 2563 oben
1251 2538 1279 2564 S.
1294 2538 1346 2564 138
1363 2539 1397 2563 A.
1411 2538 1455 2563 14.
1569 2538 1597 2569 5)
1618 2537 1682 2562 MG.
1706 2537 1795 2570 Epist.
1812 2537 1860 2567 VJ,
1878 2537 1965 2571 414ff.
1986 2537 2036 2562 Nr.
2052 2537 2084 2562 79

443 2581 535 2612 (J.-E.
550 2582 621 2606 2322
642 2601 647 2606 .
761 2583 788 2613 6)
810 2582 852 2606 18.
867 2582 975 2614 Α119υ3ι
989 2582 1049 2607 866.
1070 2582 1125 2614 Vql.
1139 2582 1204 2607 oben.
1218 2582 1247 2607 S.
1261 2583 1313 2608 174
1326 2583 1361 2608 A.
1372 2583 1396 2608 3.
1507 2583 1534 2614 7)
1557 2581 1619 2613 Rey.
1634 2590 1654 2606 s.
1673 2581 1771 2607 Bened.
1786 2590 1806 2607 c.
1823 2581 1863 2607 71.
1960 2582 1986 2613 8)
2007 2581 2082 2606 Dial.

438 2626 487 2655 IV,
502 2626 536 2650 62
549 2625 588 2650 cd.
604 2625 735 2656 Maricae,
749 2625 832 2651 Fonte*
845 2634 893 2658 per
907 2626 933 2651 Io.
947 2627 1032 2651 storia
1045 2626 1160 2651 ‹l'ltalz'a
1173 2627 1217 2657 57,
1231 2626 1309 2659 324j.
1404 2628 1431 2658 9)
1451 2626 1515 2652 ΜΟ.
1531 2626 1619 2659 Epist.
1633 2625 1681 2656 VI,
1696 2625 1748 2651 430
1762 2625 1812 2650 Nr.
1828 2625 1863 2651 80
1879 2625 1970 2658 (J.-E.
1985 2625 2081 2658 2823).

443 2671 486 2701 10)
505 2670 559 2702 Vyl.
575 2669 613 2695 W.
628 2670 716 2701 Voqel.
734 2669 785 2694 Die
802 2670 981 2695 Normanuen
1006 2670 1063 2695 mul
1077 2670 1127 2695 das
1141 2670 1295 2703 jrdufkische
1313 2670 1397 2696 Reich
1412 2670 1441 2696 S.
1454 2670 1532 2702 2261.
1556 2684 1591 2688 ——
1613 2669 1642 2695 S.
1666 2669 1736 2695 auch
1754 2670 1828 2695 Arm.
1848 2669 1951 2694 Berlin.
1972 2669 2024 2695 867
2042 2668 2081 2693 ed.

438 2714 523 2739 Waitz
541 2714 569 2739 S.
584 2714 641 2745 37s.
780 2715 823 2746 ll)
850 2714 906 2746 Vyl.
927 2714 1069 2739 Dilmmler
1087 2714 1146 2744 11²,
1167 2715 1219 2740 146
1243 2715 1277 2740 A.
1292 2715 1322 2745 1,·
1350 2715 1382 2740 F.
1396 2714 1453 2743 Lot,
1483 2714 1520 2739 Le
1540 2713 1643 2746 Moyen
1662 2713 1710 2746 dyc
1729 2713 1779 2739 XV
1802 2713 1916 2747 (1902),
1942 2713 1993 2739 421
2009 2713 2043 2738 A.
2057 2713 2081 2738 2.

444 2758 486 2789 12)
511 2757 569 2790 Vyl.
584 2757 649 2783 oben
664 2757 692 2783 S.
706 2757 759 2783 205
776 2759 810 2783 A.
826 2759 849 2782 I.
966 2758 1008 2789 13)
1032 2758 1088 2791 Vql.
1105 2758 1169 2784 ΜΘ.
1187 2759 1276 2791 Epist.
1290 2758 1340 2789 VI,
1355 2758 1408 2783 432
1421 2758 1451 2783 Z.
1464 2758 1500 2783 29
1515 2758 1565 2783 Nr.
1580 2758 1613 2783 81
1632 2757 1725 2789 (J.-E.
1739 2758 1842 2790 2825).-
1866 2758 2001 2783 Fruim'mi
2019 2765 2083 2790 ergo

441 2802 523 2826 huius
541 2803 654 2827 nostrae
672 2802 878 2835 praeceptionis
894 2802 1015 2827 decreto.

2110 788 2138 806 10

2109 1056 2134 1075 15

2109 1322 2136 1341 20

2107 1591 2134 1610 25

2109 1857 2135 1876 30

2109 2122 2138 2140 ³5

2113 2417 2136 2436 10

2106 2673 2133 2692 45

2186 2639 2188 2653 ι

2186 2667 2188 2694 Ι,

2186 2695 2188 2704 x
