2272 3197
717 174 902 200 HINKMAR
925 174 1003 200 VON
1024 174 1144 201 REIMS
1165 175 1206 200 37.
1750 174 1790 204 23

132 266 313 304 antequam
329 263 469 295 eandem
485 264 686 295 sententiam
703 267 878 305 promeret,
889 263 971 295 aitlx
987 264 1093 294 ‘Nemo
1108 268 1202 302 periit,
1213 268 1267 294 nisi
1283 267 1357 294 filius
1372 265 1567 302 perditionis'3
1583 277 1650 295 nam
1666 277 1789 302 poenam
1803 253 1990 320 ἐξῇ-18250·

132 319 182 350 iffi,
198 315 350 347 Videlicet
368 316 480 354 Iudae,
498 321 744 354 praedestinatam
760 329 811 355 pro
828 320 910 347 malis
927 321 994 351 suis,
1011 321 1041 347 in
1059 321 1171 354 quibus,
1189 324 1223 347 ut
1238 329 1322 355 saepe
1339 321 1409 351 dixi,
1427 321 1584 355 praescitus
1601 324 1646 347 est
1662 324 1788 352 tantum,

133 380 191 398 non
208 372 448 406 praedestinatus,
464 373 512 401 et:
538 359 621 406 Quod
638 373 814 407 dampnatus
828 373 866 400 sit
880 376 1037 408 antequam
1051 376 1137 400 natus
1151 374 1309 401 secundum
1326 374 1366 405 id,
1385 374 1462 408 quod
1479 374 1694 408 disputatione³
1712 382 1792 409 prae-

132 425 266 452 diximus.
279 422 474 464 Disputavit
486 423 576 454 enim
591 422 770 460 multoties,
784 423 862 465 quia
876 423 1090 465 praescientia
1102 424 1306 466 dampnatus
1318 427 1379 461 est,
1400 434 1467 455 non
1480 424 1791 465 praedestinatione,

102 483 114 502 5
134 478 167 506 et
185 481 293 505 ceteros
310 475 461 507 similiter
479 488 496 506 a
513 480 606 513 gratia
623 475 756 514 alienos,
777 482 815 507 ut
833 476 983 517 superius
1001 477 1221 518 scripsimus&
1247 476 1355 508 dixit³
1380 481 1473 507 Deum
1498 481 1651 515 praescisse
1676 484 1792 507 tantum

132 531 203 557 vitio
229 532 343 566 proprio
369 532 520 566 perituros,
546 541 604 559 non
630 536 664 559 ut
688 533 814 567 perirent
836 533 1072 567 praedestinasse.
1117 530 1212 561 Hanc
1238 530 1469 562 discretionem
1496 530 1730 572 praescientiae
1757 534 1791 562 et

132 581 440 623 praedestinationis
453 582 608 613 confusor
628 582 663 613 in
682 582 790 614 verbis
810 582 892 614 sacri
913 581 1053 623 eloquiib
1078 583 1242 614 custodire
1263 583 1420 615 debuerat
1443 587 1476 615 et
1498 583 1601 615 fidelis
1623 594 1735 615 servus
1755 588 1789 616 et
1805 591 2002 616 vgl-Lu0·x2,42-

131 634 275 676 prudens
294 634 370 665 dare
390 635 554 666 conservis
576 635 643 666 suis
663 635 698 666 in
718 639 867 676 tempore
888 635 989 666 tritici
1011 645 1211 673 mensuram,
1235 647 1274 666 ne
1294 636 1472 668 cisternam
1492 637 1642 679 aperiens
1660 637 1718 668 bos
1737 636 1790 668 vel
1803 631 1945 682 {ffffffidj

129 687 242 718 asinus
262 687 296 718 in
316 687 447 719 foveam
465 687 507 719 ab
527 687 581 719 illo
602 692 753 730 apertam
773 691 891 725 rueret,
912 692 946 719 et
965 687 1034 729 ipse
1055 688 1217 729 pretiumc
1238 689 1367 720 reddere
1386 693 1564 730 cogeretur.

80 748 107 768 ιο
220 740 286 771 Vos
307 744 433 778 autem,
464 741 580 772 fratres
604 741 668 773 mei
690 740 904 778 dilectissimi,
928 741 962 772 in
985 740 1144 772 sermonis
1167 741 1231 772 fine
1253 742 1426 780 attendite,
1450 743 1539 784 quod
1561 742 1718 775 Salomon
1741 754 1789 775 sa·

131 793 358 834 pientissimus
386 794 542 825 omnibus
563 793 687 826 clamat
709 794 835 825 dicens:
857 793 988 825 ‘Finem
1011 793 1165 835 loquendi
1188 805 1302 826 omnes
1326 795 1448 836 pariter
1469 796 1656 828 audiamus.
1678 796 1787 829 Deum
1802 804 1889 826 Eccles·
1907 806 1940 829 12,
1955 805 1990 825 13·

130 845 211 878 time
224 849 258 877 et
272 846 430 878 mandata
443 847 513 878 eius
531 847 676 885 custodi;
689 847 749 878 hoc
763 851 812 878 est
825 847 915 878 enim
927 847 1037 878 omnis
1048 847 1171 884 homo'‚
1185 847 1218 878 id
1231 851 1296 879 est:
1309 848 1351 879 ad
1363 848 1422 879 hoc
1436 849 1544 880 factus
1557 850 1665 881 omnis
1678 850 1788 888 homo,

131 902 265 941 propter
289 909 390 940 quem
409 900 517 931 factus
535 904 586 932 est
604 900 713 937 homo,
732 900 790 941 qui
808 911 887 931 cum
904 900 1075 931 benedicto
1094 900 1162 931 Deo
1183 904 1276 942 patre
1296 911 1353 932 suo
1373 901 1457 932 vivit
1476 905 1509 932 et
1528 906 1642 943 regnat
1662 902 1694 933 in
1716 903 1788 934 uni—

130 955 200 984 tate
220 952 356 993 spiritus
376 953 482 984 sancti
500 953 590 984 Deus
610 964 667 995 per
687 953 798 984 omnia
820 952 948 985 saecula
970 952 1187 984 saeculorum.
1208 954 1326 985 Amen.

914 1070 942 1090 C.

80 1128 106 1148 ιδ
219 1120 469 1153 Ecclesiastica4
487 1121 650 1153 sententia
668 1122 703 1152 in
722 1121 1046 1163 pertinacissimum⁵
1063 1121 1293 1153 Gotescalcum
1312 1126 1446 1164 propter
1464 1122 1717 1164 incorrigibilem
1734 1125 1789 1156 ob-

130 1174 346 1205 stinationem
370 1174 458 1205 illius
483 1174 517 1205 in
542 1175 685 1216 synodo<¹
709 1175 799 1215 apud
814 1174 1015 1206 Carisiaoum
1032 1175 1146 1206 habita
1163 1185 1182 1206 a
1200 1175 1375 1207 duodecim
1392 1176 1555 1217 episcopis
1572 1175 1788 1209 ecclesiastico

129 1227 237 1264 vigore
258 1227 423 1268 prolata⁶z

221 1283 322 1310 Frater
349 1284 507 1314 Gotesealo,
532 1287 745 1311 sacrosanctum
770 1284 954 1311 sacerdotalis
987 1285 1105 1310 misterii
1138 1285 1274 1315 officium,
1308 1286 1385 1318 quod
1416 1286 1613 1320 inregulariter
1645 1288 1788 1320 usurpasti

129 1340 159 1362 et
176 1337 206 1362 in
226 1337 336 1363 cunctis
355 1337 481 1363 moribus
499 1347 533 1364 ae
551 1338 647 1372 pravis
665 1337 778 1364 actibus
796 1340 884 1371 atque
903 1338 1042 1371 perversis
1061 1338 1199 1364 doctrinis
1216 1347 1250 1364 eo
1269 1339 1408 1365 hactenus
1428 1339 1510 1365 abuti
1529 1348 1586 1366 non
1605 1340 1788 1373 pertimuisti.

81 1394 108 1413 20
130 1389 235 1416 iudicio
253 1390 371 1424 spiritus
390 1390 511 1422 sanctie,
531 1391 610 1417 cuius
629 1390 737 1424 gratiae
758 1399 861 1417 munus
880 1394 925 1416 est
943 1391 1120 1418 sacerdotale
1140 1391 1267 1418 officium
1287 1400 1337 1426 per
1356 1392 1495 1418 virtutem
1515 1393 1661 1426 sanguinis
1680 1393 1788 1420 domini

130 1443 219 1469 nostri
234 1442 299 1469 Iesu
313 1442 428 1474 Christi,
443 1444 556 1470 noveris
571 1444 624 1470 tibi
637 1452 707 1474 esse,
722 1444 745 1469 si
761 1452 876 1477 quoquo
892 1444 977 1470 modo
991 1445 1151 1478 suscepisti,
1166 1445 1313 1471 sublatum
1327 1448 1366 1476 et,
1382 1454 1416 1471 ne
1432 1446 1551 1472 ulterius
1565 1454 1598 1472 eo
1612 1446 1693 1480 fungi
1709 1455 1787 1480 prae-

129 1504 234 1527 sumas,
256 1499 395 1530 perpetuo
416 1497 612 1523 interdictum.
635 1497 755 1530 Insuper
777 1498 844 1531 quia
865 1500 896 1523 et
916 1497 1107 1524 ecclesiastica
1129 1501 1159 1524 et
1181 1498 1275 1524 civilia
1297 1499 1414 1532 negocia
1437 1502 1537 1525 contra
1559 1500 1737 1533 propositum
1759 1504 1789 1526 et

129 1557 233 1575 nomen
255 1549 387 1576 monachi
409 1546 600 1576 conturbare⁷
622 1552 827 1584 contempnens
848 1551 911 1577 iura
931 1551 1123 1577 ecclesiastica
1146 1552 1371 1586 praesumpsisti,
1393 1552 1551 1578 durissimis
1573 1553 1737 1580 verberibus
1759 1557 1787 1579 te

129 1602 261 1636 castigari
283 1605 313 1628 et
335 1603 493 1629 secundum
515 1603 720 1630 ecclesiasticas
742 1603 853 1637 regulas
876 1604 1019 1638 ergastulo
1042 1604 1151 1631 retrudi
1174 1606 1348 1632 auctoritate
1370 1606 1525 1639 episcopali
1548 1606 1725 1632 decernimus
1748 1610 1787 1637 et,

80 1660 106 1679 25
130 1658 162 1681 ut
182 1655 216 1681 de
239 1659 332 1682 cetero
352 1656 510 1682 doctrinale
531 1656 585 1682 tibi
605 1656 731 1683 officium
753 1665 888 1690 usurpare
910 1666 967 1683 non
988 1665 1163 1691 praesumas,
1185 1662 1356 1692 perpetuum
1377 1658 1523 1685 silentium
1544 1660 1585 1685 ori
1607 1662 1658 1685 tuo
1680 1660 1787 1685 virtute

129 1709 236 1734 aeterni
256 1708 335 1735 verbi
355 1709 537 1743 imponimus.

221 1811 316 1843 Hanc
334 1815 450 1843 autem
467 1812 717 1854 dampnationis
735 1813 823 1845 illius
841 1814 1043 1846 sententiam
1061 1814 1132 1845 ideo
1150 1814 1227 1846 huic
1245 1815 1404 1856 opusculo
1424 1815 1615 1847 subnectere
1634 1827 1786 1857 procura-

128 1864 249 1901 vimus,
270 1868 309 1895 ut
327 1864 470 1897 similem
486 1865 540 1897 vel
557 1865 592 1896 in
612 1866 776 1908 praesenti
794 1866 847 1898 vel
865 1866 899 1898 in
919 1867 1032 1898 futuro
1052 1867 1179 1899 saeculo
1198 1868 1475 1910 dampnationem
1493 1869 1662 1907 timentes,
1681 1869 1739 1910 qui
1757 1870 1786 1900 ei

128 1916 236 1959 aliquo
262 1918 357 1949 modo
380 1917 646 1951 conhjbentiamf
668 1919 876 1961 praebuistis,
899 1921 1097 1961 quantotius
1118 1932 1177 1952 vos
1198 1921 1354 1963 corrigere
1378 1922 1540 1953 studeatis
1562 1926 1596 1953 et
1617 1922 1656 1953 de
1679 1926 1785 1954 cetero

81 1976 107 1996 ³0
128 1980 206 2002 cum
228 1971 393 2008 omnibus,
416 1971 459 2003 ad
480 1982 624 2013 quorum
645 1983 740 2004 aures
762 1972 896 2004 loetales
919 1973 1008 2005 illius
1031 1973 1116 2006 sibili
1141 1974 1360 2016 pervenerint,
1384 1975 1574 2007 huiusmodi
1598 1986 1785 2017 perversam

127 2023 313 2056 doctrinam
333 2035 494 2066 respuere,
516 2025 660 2057 deserere
681 2037 718 2057 ac
741 2037 931 2067 praecavere
952 2027 1083 2059 curetis.

215 2275 239 2303 ⁸)
257 2273 463 2305 disputationem
486 2275 518 2299 B.
605 2274 629 2305 b)
647 2276 733 2307 eloqui
751 2276 781 2300 B.
867 2279 889 2306 c)
908 2278 1023 2313 pretium
1039 2278 1070 2302 B.
1157 2277 1181 2307 d)
1200 2287 1217 2302 n
1231 2279 1372 2304 azmadiert
1389 2280 1418 2303 B.
1504 2283 1526 2308 e)
1546 2282 1552 2303 i
1573 2288 1620 2304 aus
1641 2289 1652 2304 s
1675 2281 1735 2304 verb.
1753 2282 1783 2305 B.

130 2314 148 2345 t)
166 2318 359 2342 conniventiam
376 2318 439 2343 verb.
456 2319 548 2344 Gundl.

220 2414 245 2445 1)
267 2414 377 2440 Ebenda
402 2415 450 2445 VI,
468 2416 494 2445 5,
514 2417 536 2446 7,
554 2416 651 2449 Miqne
668 2417 711 2447 45,
728 2418 807 2443 1661.
914 2419 941 2450 2>
958 2418 1015 2452 Vql.
1040 2419 1106 2445 oben
1121 2419 1151 2445 S.
1166 2420 1228 2452 181.
1334 2421 1362 2453 3)
1384 2421 1503 2449 Ebenda.
1528 2422 1625 2454 Miyne
1648 2422 1690 2452 45,
1703 2422 1781 2447 1660.

80 2462 107 2481 35
130 2457 157 2488 4)
177 2457 257 2483 Diese
272 2458 445 2492 Inskription
462 2460 550 2493 dim-ste
570 2469 621 2486 von
638 2461 778 2487 Hinkmar
794 2462 897 2494 verlasst
913 2463 971 2488 und
992 2471 1045 2489 aus
1061 2472 1172 2489 unserer
1192 2464 1294 2497 Schrift
1318 2465 1348 2490 in
1371 2465 1414 2491 die
1437 2466 1554 2499 sonstiqe
1581 2461 1784 2498 U‘berlieserunq

129 2500 173 2525 des
193 2501 407 2536 Urteilspruckes
429 2504 620 2530 fibernommen
638 2505 741 2531 worden
767 2507 835 2532 sein.
858 2506 914 2539 Vyz.
932 2507 1002 2533 auch
1028 2507 1143 2538 Traube,
1162 2509 1226 2534 MG.
1242 2509 1315 2535 Poet.
1328 2509 1390 2539 ΙΙΙ,
1405 2510 1456 2536 714
1467 2511 1502 2536 A.
1596 2512 1624 2542 5)
1642 2510 1663 2536 V
1665 2511 1698 2543 ql.
1717 2510 1783 2536 oben

130 2544 158 2569 S.
172 2544 206 2570 10
223 2545 257 2571 A.
270 2547 295 2572 5.
389 2548 417 2579 6)
437 2549 491 2574 Die
508 2549 622 2575 Sentenz
638 2549 684 2575 der
699 2550 809 2584 Synode
825 2559 876 2576 von
891 2551 1009 2585 Quierzy
1027 2552 1111 2586 (849)
1129 2562 1209 2586 qeqen
1231 2553 1393 2580 Gottschalk:
1417 2554 1516 2580 Mami
1535 2555 1613 2585 XIV,
1630 2555 1693 2585 921,·
1716 2555 1781 2580 ΜΘ.

133 2588 204 2614 Poet.
217 2589 278 2620 III,
303 2590 363 2616 713.
384 2592 440 2625 Vql.
458 2593 658 2628 Werminqhoffi
681 2594 772 2620 Neues
786 2595 888 2621 Archiv
906 2595 1014 2627 XXVI,
1030 2597 1094 2627 615‚·
1117 2597 1229 2624 Schro'rs
1249 2598 1354 2624 S.104.
1370 2599 1456 2632 49025.
1480 2614 1515 2617 —
1538 2599 1590 2625 Die
1613 2599 1783 2624 Teilnehmer

130 2632 174 2657 des
194 2633 309 2660 Koenzile
331 2640 414 2661 neunt
436 2636 576 2663 Hinkmar
596 2638 626 2664 in
661 2638 713 2664 ‘De
742 2639 995 2672 praedeetinatz‘one’
1025 2649 1046 2666 c.
1067 2641 1092 2671 2,
1116 2641 1212 2674 Miyne
1237 2642 1299 2672 125,
1323 2642 1365 2668 35.
1482 2644 1510 2675 7)
1528 2643 1584 2676 Vql.
1608 2643 1709 2669 Konzil
1731 2652 1781 2668 von

81 2682 107 2700 40
132 2676 334 2704 Meam-Paris
359 2679 441 2713 (845)
472 2689 494 2707 c.
513 2682 557 2712 57,
581 2682 646 2708 ΜΘ.
670 2683 761 2716 Capit.
780 2684 824 2714 II,
846 2684 908 2710 412:
932 2699 967 2703 —-
989 2700 1025 2703 —
1047 2686 1113 2719 quia
1135 2694 1184 2719 per
1205 2686 1344 2720 quosdam
1363 2687 1476 2713 illorum
1497 2691 1595 2713 contra
1617 2688 1781 2714 canonicam

131 2722 330 2748 auctoritatem
349 2726 379 2749 et
398 2724 588 2752 ecclesiastica
607 2730 637 2752 et
657 2727 751 2754 civilia
774 2728 978 2761 perturbantur
1003 2730 1130 2762 negotia3
1153 2730 1222 2756 auch
1241 2731 1342 2756 Konzil
1367 2740 1417 2756 von
1436 2732 1510 2764 Aqwle
1529 2740 1550 2757 c.
1563 2731 1607 2761 38,
1629 2731 1781 2757 Hinschius

131 2764 159 2789 S.
173 2765 248 2797 334).
268 2781 304 2784 —
320 2766 348 2792 S.
369 2771 450 2793 umen
470 2769 519 2794 Ντ.
533 2770 567 2795 48
585 2770 614 2795 S.
627 2770 662 2796 27
671 2771 692 2803 f.
