2220 3192
458 202 518 231 118
975 196 1161 224 HINKMAR
1180 194 1258 221 VON
1279 193 1399 220 REIMS
1422 192 1573 218 147—150.

255 294 431 325 860—862.
455 293 583 324 animos
604 291 644 322 ab
668 288 823 330 inquietis
846 286 1001 322 motibus,
1025 285 1071 316 ita
1095 286 1127 315 et
1150 283 1278 324 linguas
1299 293 1318 313 a
1342 280 1561 323 provocativis
1583 280 1770 312 iracundiae
1794 279 1953 322 vobisque
1976 280 2099 312 nocivis

303 354 361 378 Eph.
372 355 395 379 4,
406 354 439 374 31.
456 344 657 376 sermonibus
671 340 843 377 custodite,
853 340 1059 370 contestante
1073 332 1237 377 apostolo:
1252 334 1384 366 ‘Omnis
1397 333 1521 365 clamor
1535 336 1568 364 et
1584 333 1767 374 indignatio
1784 333 1957 365 auferatur
1972 344 1991 365 a
2006 333 2099 365 vobis

301 407 360 431 Eun.
372 408 439 431 4,29.
453 409 531 429 eum
549 395 634 428 omni
655 392 790 426 malitia’
809 395 842 423 et
857 389 979 422 ‘omnis
997 400 1100 421 sermo
1127 387 1234 420 malus
1251 398 1292 419 ex
1309 398 1363 418 ore
1379 390 1488 418 vestro
1513 397 1579 417 non
1598 386 1778 428 procedat’,
1805 397 1858 424 ne,
1884 386 1969 418 sicut
1994 386 2099 418 solent

452 450 610 485 homines,
632 447 722 488 prius
741 445 849 476 dolore
869 442 1027 474 commoti
1048 445 1081 472 et
1102 444 1214 483 postea
1234 440 1345 481 aliquo
1365 439 1483 481 gaudio
1504 439 1599 481 quasi
1617 439 1786 470 victoriosi
1809 439 1996 471 obtinentes
2016 450 2100 480 quae

451 502 711 533 desideraverant
735 496 918 533 exhilarati,
942 496 981 526 de
1004 504 1212 536 quocumque
1233 493 1367 525 homine
1389 503 1474 534 quae
1498 503 1565 524 non
1586 492 1792 524 conveniunt
1816 492 1928 533 aliqua
1949 496 2100 524 vestrum
2123 502 2136 522 5

451 555 548 591 dicat,
570 564 609 583 ne
628 555 661 582 et
680 549 860 592 patientiae
881 548 1037 580 meritum
1056 546 1231 578 inutilibus
1250 545 1455 578 sermonibus
1472 556 1583 577 coram
1600 546 1669 577 Deo
1689 545 1850 587 perdatis.
1871 545 1917 576 Et
1936 545 1963 576 si
1981 545 2100 586 aliquis

452 606 560 643 fuerit,
578 605 635 646 qui
652 603 762 644 aliqua
781 601 1013 644 provocatione
1030 610 1275 642 quamcumque
1292 602 1441 631 vestrum
1458 599 1500 630 ad
1517 599 1578 630 hoc
1596 598 1753 639 instigare
1770 598 1926 636 voluerit,
1945 601 1984 630 ut
2002 609 2099 639 quae-

449 669 591 699 cumque
616 656 761 688 indebita
786 656 825 687 de
848 665 1057 696 quocumque
1082 653 1238 695 proferat,
1262 652 1403 694 qualiter
1428 651 1520 684 illam
1543 651 1821 693 comprehendere
1846 651 1961 693 possit,
1987 655 2026 682 ut
2050 661 2099 682 ra-

450 710 650 743 tionabiliter
671 709 852 750 dampnare
876 707 1075 750 praevaleat,
1098 706 1209 739 locum
1232 717 1290 737 nec
1313 705 1463 737 diabolus
1486 716 1544 737 nec
1566 708 1700 736 astutus
1721 705 1824 736 homo
1848 704 1968 736 exinde
1989 703 2099 745 aliquo
2208 741 2215 750 μ

452 765 546 797 modo
568 763 698 794 habeat.
729 761 791 793 Sed
814 760 898 793 tales
919 771 978 792 vos
1001 759 1161 797 exhibete,
1186 763 1224 790 ut
1248 759 1386 790 interius
1408 758 1618 800 exteriusque
1640 758 1797 789 decenter
1820 760 1956 789 ornatae
1985 757 2101 799 dignas
2125 770 2152 790 10

448 822 547 858 atque
561 815 762 848 exaudibiles
774 815 938 846 orationes
951 817 984 845 et
997 824 1057 856 pro
1069 812 1163 844 vobis
1176 817 1209 844 et
1223 823 1281 854 pro
1295 812 1420 843 seniore
1432 823 1470 843 ac
1482 811 1617 843 domina
1629 814 1761 842 vestrass
1770 821 1897 852 proque
1911 821 1978 842 non
1992 809 2099 842 solum

295 866 438 918 Vss'gj‘ffifth·
451 870 564 903 amicis
582 869 710 906 vestris,
730 878 847 900 verum
867 867 969 899 etiam
989 871 1022 898 et
1043 877 1101 908 pro
1122 866 1264 898 inimicis
1283 865 1325 897 ad
1344 876 1439 896 aures
1458 865 1519 896 Dei
1541 865 1671 896 mittere
1690 863 1841 896 valeatis.

1227 1043 1317 1073 148.*

532 1107 691 1139 Hinkwwr
713 1117 755 1138 an
777 1105 958 1144 Erzbischof
978 1105 1090 1136 Frotar
1111 1115 1171 1136 von
1195 1105 1372 1136 Bordeauae.
1861 1102 2035 1134 861—862.

541 1178 652 1203 Schrors
674 1177 737 1210 Req.
751 1177 812 1202 155.

533 1267 642 1307 Reqest
661 1266 750 1297 Flod.
775 1266 859 1296 Hist.
887 1265 972 1296 Rem.
997 1265 1065 1296 eccl.
1089 1264 1160 1301 ΙΙΙ,
1183 1264 1223 1295 21
1249 1263 1342 1304 (MG.
1367 1263 1425 1295 SS.
1451 1263 1556 1300 XIII,
1580 1263 1641 1294 517
1640 1263 1678 1304 );
1702 1263 1807 1294 Item¹
1831 1263 1871 1294 de
1896 1261 2100 1294 ordinatione
2127 1273 2153 1293 15

449 1320 584 1352 Fulcrici
591 1322 613 1351 ².

1229 1441 1320 1472 149.*

533 1505 692 1536 Hfmkmar
717 1516 758 1535 an
786 1504 914 1543 Bischof
943 1503 1129 1535 Theoderich
1154 1514 1212 1534 von
1238 1502 1386 1534 Oambrai
1411 1502 1484 1534 aber
1508 1503 1558 1534 die
1584 1502 1910 1534 Eoekommunilmtion
1931 1501 2099 1533 Balduins.

540 1584 651 1610 Schrbrs
672 1585 735 1617 Rey.
749 1584 810 1610 156,
1701 1567 1754 1587 vor
1777 1556 1805 1587 5.
1821 1555 1945 1596 Auqust
1967 1555 2037 1586 862.

537 1675 643 1715 Reqest
662 1674 751 1705 ond.
775 1674 859 1705 Hist.
886 1673 971 1704 Rem.
995 1672 1064 1704 eccl.
1087 1673 1158 1709 ΙΙΙ,
1181 1672 1221 1704 21
1246 1671 1338 1713 (MG.
1362 1671 1421 1703 SS.
1446 1671 1550 1708 XIII,
1574 1671 1651 1712 518)
1662 1682 1672 1702 .·
1696 1671 1801 1703 Item³
1823 1682 1880 1713 pro
1904 1669 2067 1702 Balduino
2077 1670 2099 1707 ¹¹,
2127 1682 2154 1703 20
2209 1706 2212 1711 .

451 1728 507 1769 qui
525 1728 660 1759 viduam
677 1727 800 1765 Iudith,
818 1727 920 1758 filiam
935 1727 1018 1768 regis
1035 1726 1148 1758 Karoli
1156 1726 1180 1763 ⁵,
1198 1727 1326 1757 iuratus
1343 1725 1461 1763 fuerat,
1479 1729 1518 1756 ut
1535 1725 1617 1756 sciat
1633 1736 1708 1757 eum
1724 1736 1744 1756 a
1762 1736 1794 1756 se
1813 1724 1873 1756 sub
1890 1724 2100 1756 anathemate

451 1780 605 1823 positum,
627 1785 661 1812 et
680 1781 713 1812 id
735 1792 791 1822 per
812 1792 905 1812 suam
925 1780 1099 1812 denuntiet
1119 1779 1332 1821 parrochiam.

1230 1957 1320 1988 150.*

534 2020 693 2050 Hinkmar
715 2031 757 2050 an
783 2020 910 2058 Bischos
936 2019 1122 2051 Theoderich
1144 2030 1203 2050 von
1226 2018 1383 2050 Cambrai.
1700 2028 1753 2048 vor
1776 2017 1806 2048 5.
1822 2017 1945 2057 Auqust
1967 2016 2038 2048 862.

543 2090 653 2115 Schrb'rs
676 2090 738 2123 Req.
753 2091 814 2116 157.

537 2180 644 2220 Reyest
664 2179 753 2210 Flod.
778 2179 861 2210 Hist.
888 2179 974 2210 Rem.
998 2179 1067 2210 eccl.
1092 2179 1162 2216 ΙΙΙ,
1185 2178 1225 2210 21
1251 2178 1343 2219 (MG.
1367 2177 1426 2209 SS.
1451 2177 1556 2213 XIII,
1581 2176 1689 2217 5181‘.)
1699 2187 1709 2207 .·
1733 2176 1841 2208 Item⁶
1864 2187 1923 2218 pro
1948 2177 2101 2218 quodam,
2125 2186 2153 2207 25

453 2233 507 2273 qui
531 2233 696 2274 quandam
718 2233 872 2264 feminam
892 2233 926 2264 in
948 2232 1168 2264 concubinatu
1190 2232 1335 2273 accipere
1357 2241 1529 2273 persuasus
1551 2230 1659 2261 fuerat
1679 2241 1698 2261 a
1720 2233 1818 2271 patre
1840 2230 1942 2271 ipsius
1963 2229 2100 2271 puellae.
2207 2245 2211 2247 ·

537 2447 560 2473 ὓ)
578 2449 668 2468 nostra
686 2446 708 2468 1.

547 2524 570 2554 1)
588 2523 644 2556 ryz.
662 2523 725 2548 oben
743 2523 771 2548 S.
785 2523 820 2549 88
837 2524 871 2549 Α.
885 2524 901 2549 :2
918 2523 974 2549 und
991 2523 1041 2549 Nr.
1055 2524 1107 2549 146
1124 2524 1152 2549 S.
1166 2525 1226 2550 116.
1358 2524 1385 2555 2)
1404 2523 1437 2549 B.
1452 2522 1620 2548 Prudentius
1637 2530 1687 2547 von
1706 2522 1810 2555 Troyes
1827 2522 1898 2547 starb
1914 2530 1960 2547 am
1976 2521 2001 2547 6.
2015 2521 2098 2554 April

453 2568 518 2597 861:
535 2567 674 2596 Fullcrz'ch,
692 2567 751 2592 sein
768 2567 938 2600 Nachsolqer,
956 2567 1075 2600 beqeqnet
1092 2571 1176 2594 :uersi
1194 2569 1247 2594 862
1267 2568 1373 2601 (zuletzt
1390 2567 1468 2600 869).
1495 2567 1551 2600 Vql.
1570 2566 1721 2596 Duchesne,
1738 2566 1834 2591 Facies
1850 2566 2019 2599 episcopaux
2036 2565 2096 2596 112,

453 2611 529 2644 456j.
625 2612 652 2642 3)
670 2611 726 2643 Vql.
748 2611 810 2636 oben
833 2611 883 2636 Nr.
898 2611 932 2637 88
946 2611 975 2637 S.
989 2612 1024 2636 42
1038 2612 1094 2637 mni
1109 2612 1137 2637 S.
1151 2613 1185 2638 37
1199 2613 1234 2638 A.
1248 2613 1273 2638 4.
1290 2627 1324 2630 —
1339 2611 1450 2637 Schrii‘rs
1471 2610 1499 2636 S.
1514 2610 1566 2636 228
1580 2610 1637 2635 und
1651 2609 1680 2635 S.
1694 2610 1772 2642 5717.
1788 2610 1824 2636 A.
1839 2610 1881 2635 67.
1994 2611 2022 2641 4)
2040 2609 2096 2642 Vql.
2121 2620 2150 2640 30

453 2656 527 2681 Αἠη.
552 2656 655 2680 Berlin.
679 2655 732 2680 8623
759 2655 797 2680 ed.
816 2656 901 2681 Waitz
927 2655 956 2681 S.
970 2656 1042 2688 5614
1070 2656 1132 2681 viiber
1160 2657 1284 2682 Balduin
1311 2656 1368 2682 und
1388 2655 1487 2681 Judith
1515 2663 1537 2680 s.
1561 2654 1723 2687 neuerdivzqu
1744 2654 1780 2680 H.
1794 2654 1978 2687 Sproembery,
1999 2653 2099 2680 Judith

454 2700 480 2725 K
483 2700 578 2732 iiniyin
595 2708 644 2725 von
655 2699 791 2732 Enyland,
803 2700 897 2732 Griijin
911 2708 961 2725 von
972 2700 1119 2730 Flandern,
1133 2701 1221 2726 Revue
1238 2701 1307 2733 helye
1323 2700 1354 2726 de
1366 2699 1510 2734 philoloqie
1526 2702 1548 2724 εἰ
1560 2698 1698 2724 &histoire
1711 2699 1761 2725 XV
1779 2698 1892 2732 (1936).
1907 2698 2021 2724 Judiths
2033 2701 2098 2724 erste

456 2745 588 2776 Tranunq
608 2753 662 2769 war
680 2744 763 2769 durch
783 2744 921 2769 Hi'nkmar
940 2744 992 2770 856
1018 2744 1149 2777 rollzoqen
1168 2745 1281 2775 worden,
1309 2745 1358 2777 vyl.
1379 2744 1443 2770 MG.
1465 2743 1555 2776 Capit.
1576 2743 1619 2773 II,
1640 2743 1726 2776 425ff.
1855 2744 1884 2775 5)
1904 2743 1959 2768 Des
1977 2742 2094 2768 Kahlen.

453 2790 480 2820 6)
498 2788 553 2820 ch.
572 2788 637 2813 oben
654 2789 688 2813 A.
701 2789 726 2814 3.
745 2788 797 2813 Die
814 2788 1025 2821 chronologi-sebe
1043 2789 1223 2821 Einordnmzy
1240 2789 1321 2821 erqibl
1337 2788 1395 2814 sich
1411 2796 1462 2814 aus
1477 2787 1627 2813 Flodoards
1646 2787 1826 2820 Reihevjolye.
