2220 3192
51 793 75 814 10

51 1059 76 1080 15

51 1590 78 1610 25

51 1866 78 1885 ³0

51 2139 76 2160 3⁵

51 2410 78 2429 40

50 2727 77 2747 45

664 211 850 237 HINKMAR
876 212 954 238 VON
979 211 1098 238 REIMS
1125 213 1182 237 160.
1695 211 1752 239 137

103 299 202 331 eundi
219 299 288 330 sine
304 298 440 330 alterius
458 300 609 340 primatis
627 300 811 341 provintiae
829 304 939 342 potest
957 300 1111 332 consultu
1126 305 1226 342 atque
1244 300 1412 337 relatione,
1430 305 1463 331 et
1482 299 1754 342 metropolitanus
1780 303 1855 334 863.

103 356 136 384 et
156 352 342 394 provintiae
363 352 486 393 primas
507 363 574 383 esse
595 353 787 390 dinoscitur,
809 354 894 385 sicut
914 354 971 394 qui
991 353 1118 395 regulas
1137 353 1370 385 ecclesiasticas
1392 353 1657 385 intellectualiter
1677 353 1754 395 legit

102 406 258 448 agnoscit.

193 468 222 498 4.
245 466 340 498 Unde
362 466 608 498 Anthiocenum
631 467 711 498 dicit
733 467 944 499 conciliumlz
970 472 1022 497 Per
1045 472 1170 505 singulas
1193 472 1320 507 regiones
1343 473 1491 506 episcopos
1515 472 1649 498 convenit
1672 480 1753 498 nosse

106 523 359 558 metropolitanum
372 524 537 557 episcopum
551 523 772 550 sollicitudinem
787 525 877 550 totius
891 525 1052 558 provintiae
1067 533 1172 558 gerere,
1187 528 1303 559 propter
1318 525 1394 559 quod
1409 525 1446 552 ad
1463 525 1642 559 metropolim
1656 533 1754 551 ornnes

103 577 239 610 undique,
258 577 306 610 qui
325 577 440 610 negotia
458 576 594 602 videntur
611 577 724 607 habere,
743 583 930 604 concurrant.
951 578 1033 604 Unde
1052 578 1179 611 placuita
1196 586 1262 604 eum
1279 582 1309 604 et
1327 578 1432 604 honore
1451 578 1618 612 praecellere
1635 582 1666 604 et
1684 578 1754 604 nihil

103 630 225 664 amplius
246 633 359 663 praeter
378 637 445 655 eum
466 633 574 656 ceteros
594 630 743 664 episcopos
764 639 855 664 agere,
877 631 1033 657 secundum
1054 631 1204 664 antiquam
1225 641 1241 657 a
1263 631 1394 664 patribus
1415 633 1520 657 nostris
1541 632 1667 664 regulam
1688 640 1752 658 con-

102 685 248 713 stitutam,
266 683 320 708 nisi
336 691 369 708 ea
388 686 514 713 tantum,
533 691 604 716 quae
623 683 659 709 ad
677 692 758 710 suam
775 684 910 710 diocesim
928 685 1073 718 pertinent
1090 685 1335 718 possessionesque
1354 685 1505 711 subiectas.
1526 684 1564 710 Et
1580 693 1631 711 nec
1650 688 1753 711 metro-

103 736 247 771 politanus
265 736 324 761 sine
344 739 503 762 ceterorum
520 739 601 769 gerat
619 736 735 762 consilio
753 737 942 763 sacerdotum.
969 734 1078 771 Quam
1096 734 1296 765 sententiam
1315 734 1378 765 Leo
1398 745 1484 775 papa
1504 734 1537 765 in
1556 734 1694 775 epistola
1711 734 1753 765 ad

104 786 310 818 Theodorum
336 784 593 817 Foroiuliensem
619 786 812 827 episcopum
837 787 1042 827 apertissime
1069 787 1206 828 exponit
1232 787 1376 818 dicens2:
1406 790 1610 816 sollicitudinis
1638 791 1753 824 quidem

102 842 187 870 tuaeb
203 844 226 868 is
244 842 313 868 ordo
329 850 389 867 esse
407 842 555 871 debuerat,
573 846 606 868 ut
624 852 687 868 cum
707 843 928 877 metropolitano
946 847 996 869 tuo
1013 843 1047 869 de
1064 852 1108 873 e0,
1126 843 1202 877 quod
1221 843 1413 877 quaerendum
1430 852 1490 869 esse
1509 843 1669 874 videbatur,
1688 853 1751 870 con-

101 896 196 923 ferres.
218 895 258 921 Ac
275 896 299 921 si
317 895 356 925 id,
377 896 453 929 quod
472 896 622 929 ignorabat
641 896 756 922 dilectio
776 900 835 926 tua,
854 897 943 923 etiam
961 898 1020 930 ipse
1040 897 1169 926 nesciret,
1188 898 1290 922 instrui
1310 905 1361 922 vos
1380 898 1486 930 pariter
1505 898 1666 930 posceretis,
1686 898 1752 930 quia

101 951 131 976 in
149 950 250 977 causis,
270 958 341 983 quae
361 949 398 975 ad
418 949 576 982 generalem
595 949 808 975 observantiam
828 950 973 983 pertinent
990 951 1118 975 omnium
1139 950 1253 976 Domini
1273 950 1463 980 sacerdotum,
1482 950 1552 975 nihil
1570 951 1629 975 sine
1649 951 1751 983 prima-

101 1003 179 1030 tibus
197 1005 313 1036 oportet
331 1002 453 1035 impleri.
475 999 518 1029 Et
537 999 619 1030 item
638 999 673 1029 in
693 998 756 1030 fine
776 998 968 1040 epistolae3:
990 1003 1068 1029 Haec
1087 1007 1195 1033 autem,
1214 1003 1303 1029 frater
1321 1000 1496 1033 carissime,
1518 1012 1590 1036 quae
1609 1003 1647 1029 ad
1665 1004 1751 1029 inter-

104 1056 280 1090 rogationem
295 1055 454 1081 dilectionis
469 1059 535 1081 tuae
550 1055 613 1081 ideo
628 1056 770 1088 respondi,
786 1064 819 1081 ne
834 1056 942 1089 ahquid
957 1057 1130 1082 contrarium
1145 1056 1198 1082 sub
1212 1057 1388 1089 ignorantiae
1402 1057 1585 1082 excusatione
1599 1059 1751 1089 gereretur,

100 1111 130 1136 in
150 1109 362 1142 metropolitani
382 1109 424 1134 tui
443 1109 579 1135 notitiam
598 1109 683 1134 facies
704 1109 859 1142 pervenire,
878 1113 920 1136 ut.
939 1110 963 1134 si
983 1110 1029 1142 qui
1049 1109 1122 1134 forte
1142 1113 1210 1134 sunt
1228 1109 1360 1137 fratrum,
1381 1110 1429 1142 qui
1447 1109 1482 1134 de
1502 1109 1545 1134 his
1564 1112 1649 1135 antea
1669 1112 1751 1142 puta-

103 1163 205 1188 verint
221 1162 433 1196 ambigendum,
452 1170 500 1195 per
516 1163 611 1195 ipsum
627 1162 661 1187 de
678 1162 820 1191 omnibus,
838 1170 909 1195 quae
926 1162 962 1188 ad
980 1164 1007 1187 te
1025 1163 1131 1195 scripta
1147 1165 1225 1191 sunt,
1241 1163 1429 1188 instruantur.
1441 1159 1485 1189 Et
1501 1162 1635 1189 sanctus
1652 1158 1750 1189 Inno-

101 1213 229 1244 centius
244 1212 386 1243 decrevit
400 1211 546 1242 dicens4:
564 1214 593 1240 Si
609 1223 680 1248 quae
697 1224 797 1241 causae
813 1215 857 1240 vel
873 1216 1070 1241 contentiones
1084 1216 1159 1240 inter
1173 1215 1287 1241 clericos
1303 1219 1363 1241 tam
1378 1216 1529 1249 superioris
1544 1215 1649 1242 ordinis
1665 1223 1751 1248 quam

102 1270 190 1296 etiam
214 1269 354 1295 inferioris
378 1269 485 1295 fuerint
507 1271 634 1297 exortae,
659 1271 692 1293 ut
715 1268 871 1294 secundum
894 1268 1036 1301 synodum
1060 1268 1217 1294 Nichenam
1241 1269 1418 1302 congregatis
1440 1269 1567 1294 eiusdem
1591 1269 1750 1302 provintiae

102 1323 241 1357 episcopis
252 1323 374 1355 iurgium
387 1322 565 1351 terminetur,
579 1329 629 1347 nec
642 1321 725 1347 alicui
736 1321 830 1349 liceat.
843 1322 901 1346 sine
915 1322 1086 1354 praeiudicio
1099 1325 1197 1347 tamen
1210 1322 1355 1347 Romanae
1367 1322 1509 1351 ecclesiae,
1523 1322 1566 1347 cui
1577 1322 1607 1347 in
1619 1321 1751 1347 omnibus

103 1377 194 1403 causis
215 1375 336 1401 debetur
357 1375 516 1400 reverentia
539 1374 685 1404 custodiri,
706 1375 811 1400 relictis
834 1375 875 1400 his
897 1374 1100 1405 sacerdotibus,
1124 1375 1171 1408 qui
1192 1376 1221 1400 in
1242 1375 1342 1401 eadem
1365 1375 1509 1408 provintia
1531 1375 1583 1400 Dei
1604 1375 1751 1400 ecclesiam

102 1433 175 1456 nutu
194 1429 292 1454 divino
311 1428 480 1461 gubernant,
496 1428 532 1453 ad
547 1428 616 1453 alias
636 1428 784 1455 convolare
800 1429 966 1461 provintias.
992 1428 1073 1458 Quod
1091 1428 1114 1453 si
1134 1428 1196 1461 quis
1214 1428 1287 1454 forte
1307 1429 1536 1462 praesumpserit,
1554 1432 1584 1453 et
1602 1428 1639 1454 ab
1656 1427 1751 1453 officio

103 1483 169 1510 cleri
187 1482 338 1508 submotus
357 1488 387 1507 ct
406 1482 573 1507 iniuriarum
593 1489 657 1507 reus
677 1481 713 1507 ab
733 1481 865 1506 omnibus
885 1481 1034 1507 iudicetur.
1057 1480 1087 1506 Si
1106 1486 1204 1506 autem
1224 1482 1343 1507 maiores
1363 1490 1463 1507 causae
1483 1482 1512 1506 in
1533 1481 1625 1506 medio
1644 1480 1751 1506 fuerint

103 1535 264 1565 devolutae,
286 1535 323 1561 ad
345 1535 440 1560 sedern
463 1534 661 1568 apostolicam,
683 1535 758 1560 sicut
779 1534 905 1567 synodus
926 1535 1031 1560 statuit
1051 1537 1081 1559 et
1103 1538 1186 1560 vetus
1209 1534 1384 1560 consuetudo
1405 1534 1504 1568 exigit.
1528 1538 1593 1567 post
1613 1534 1750 1560 iudicium

104 1589 263 1624 episcopale
282 1589 355 1614 refer
360 1597 377 1614 a
383 1591 439 1615 tur.

193 1648 222 1678 5.
250 1647 311 1678 His
328 1646 493 1677 canonicis
509 1650 640 1676 constat
657 1645 911 1676 auetoritatibus
930 1644 1208 1686 metropolitanos,
1226 1646 1283 1686 qui
1300 1656 1341 1676 ex
1357 1645 1496 1685 antiqua
1513 1645 1749 1675 consuetudine

102 1705 135 1732 et
150 1701 307 1732 canonica
324 1700 522 1731 auctoritate
541 1700 724 1740 primatum
742 1699 984 1740 provintiarum
1000 1698 1185 1729 habuerunt
1202 1702 1234 1728 et
1251 1699 1285 1729 in
1302 1699 1490 1739 acceptione
1509 1697 1599 1739 pallii
1614 1697 1655 1728 ab
1671 1708 1749 1739 apo-

103 1753 215 1786 stolica
233 1754 305 1785 sede
322 1753 479 1794 primates
496 1764 632 1784 suarum
650 1753 891 1793 provintiarum
907 1756 986 1782 sunt
1001 1751 1199 1787 confirmati,
1218 1752 1349 1782 nonnisi
1365 1763 1406 1782 ex
1421 1752 1591 1782 communi
1608 1750 1750 1792 placito⁵

103 1818 265 1849 quemque
285 1807 325 1838 de
347 1806 531 1848 provintiae
551 1817 629 1837 suae
655 1806 761 1836 causis
781 1805 885 1837 alium
907 1805 1083 1845 primatem
1102 1804 1236 1835 alterius
1258 1805 1441 1846 provintiae
1461 1803 1642 1840 consulere;
1665 1804 1749 1834 sicut

105 1865 138 1892 et
158 1861 354 1892 Anthioceni
375 1871 515 1891 canones
538 1862 722 1890 monstrant
743 1858 922 1889 ‹licentesssz
948 1860 977 1887 Si
999 1862 1061 1894 quis
1081 1862 1230 1895 episcopus
1251 1861 1286 1887 de
1308 1862 1391 1887 certis
1413 1861 1578 1887 criminibus
1599 1860 1750 1886 iudicatur

101 1921 131 1945 et
148 1918 297 1951 contingat
314 1917 348 1943 de
366 1926 400 1943 eo
419 1916 604 1950 provintiales
621 1916 769 1950 episcopos
786 1915 930 1945 dissidere,
950 1924 1014 1941 cuin
1032 1915 1174 1941 iudicatus
1193 1915 1229 1940 ab
1248 1914 1309 1940 aliis
1327 1915 1461 1940 innocens
1480 1914 1613 1944 creditur,
1632 1922 1694 1939 reus
1712 1913 1750 1940 ab

102 1972 163 1998 aliis
179 1968 385 2001 aestimatur,
404 1979 455 2004 pro
473 1971 563 1996 totius
580 1970 778 2002 ambiguitatis
795 1969 973 1995 absolutione
992 1972 1106 1994 sanctae
1123 1968 1233 2001 synodo
1252 1968 1369 2001 placuit,
1386 1971 1420 1993 ut
1438 1967 1674 2000 metropolitanus
1691 1967 1749 2000 epi-

102 2033 203 2058 scopus
222 2033 238 2050 a
259 2025 351 2050 vicina
370 2024 516 2057 provintia
536 2023 642 2049 iudices
661 2023 731 2048 alios
751 2026 897 2051 convocet,
918 2022 965 2055 qui
985 2022 1208 2047 controversiam
1228 2021 1332 2047 tollant
1349 2026 1383 2046 et
1403 2029 1452 2054 per
1469 2028 1517 2046 eos
1536 2020 1619 2046 simul
1637 2024 1667 2046 et
1685 2028 1748 2053 pro-

103 2077 234 2104 vintiales
253 2078 401 2111 episcopos
423 2077 499 2110 quod
520 2078 629 2102 iustum
651 2077 743 2101 visum
765 2076 850 2102 fuerit
870 2075 1052 2108 adprobetur.

195 2137 224 2167 6.
252 2136 340 2167 Haec
354 2136 517 2166 sententia
532 2136 617 2166 sicut
629 2139 661 2165 et
677 2135 824 2176 proxime
837 2134 981 2174 superior
994 2133 1096 2173 ipsius
1107 2131 1236 2163 concilii
1249 2131 1420 2173 placitum,
1435 2143 1500 2162 non
1512 2130 1748 2172 discipulatum

102 2189 292 2221 consulendi
309 2188 361 2220 vel
377 2189 580 2220 convocandi
598 2189 633 2219 in
653 2188 853 2229 provintiam
872 2197 967 2217 suam
983 2185 1088 2217 alium
1107 2185 1283 2226 primatem
1299 2196 1318 2216 a
1336 2195 1544 2226 quocumque
1565 2184 1747 2225 provintiae

104 2243 243 2284 primate
264 2242 409 2273 ostendit
417 2253 424 2279 ;
446 2242 523 2282 quia
545 2252 620 2272 vero
644 2241 826 2282 provintiae
847 2240 1045 2279 cuiusquam
1065 2239 1238 2279 episcopus
1257 2238 1299 2269 ad
1321 2239 1498 2279 primatem
1519 2237 1653 2268 alterius
1676 2248 1748 2278 pro-

102 2296 226 2328 vintiae
247 2307 313 2327 non
332 2295 429 2327 habet
449 2295 619 2326 licentiam
637 2293 826 2336 appellandi
846 2293 897 2323 vel
915 2291 1111 2323 convolandi
1130 2303 1186 2322 seu
1205 2292 1418 2332 conquirendi
1439 2292 1500 2322 nisi
1519 2291 1609 2332 apud
1627 2290 1747 2322 Roma-

104 2360 185 2381 num
205 2349 407 2391 pontificem,
428 2349 513 2380 sicut
534 2348 748 2379 Innocentius
767 2346 930 2378 decrevit⁷
950 2350 982 2376 et
1004 2345 1206 2376 Sardicenses
1225 2355 1365 2375 canones
1385 2344 1536 2375 dicunt⁸z
1563 2347 1680 2379 Quodsi,
1699 2344 1747 2374 in-

104 2403 234 2444 quiunt,
251 2406 353 2440 aliquis
367 2407 396 2431 in
411 2406 507 2439 aliqua
522 2405 667 2439 provintia
681 2405 828 2438 episcopus
845 2407 943 2429 contra
958 2402 1076 2428 fratrem
1091 2411 1174 2427 suum
1187 2402 1353 2435 episcopum
1367 2401 1448 2427 litem
1463 2401 1604 2431 habuerit,
1620 2408 1658 2427 ne
1675 2408 1746 2426 unus

185 2512 209 2538 ⁸³)
230 2511 237 2533 i
257 2510 302 2539 (ms
324 2510 384 2533 Ra-s.
408 2510 438 2533 Β.
518 2508 541 2538 ¹1)
562 2509 628 2532 Verb.
645 2516 691 2531 (lu-5
710 2512 763 2532 tua.
785 2507 844 2530 Rus.
864 2514 904 2529 vor
922 2507 942 2529 is
963 2505 992 2528 B.

197 2589 221 2620 l)
237 2588 267 2613 C,
282 2587 307 2618 9,
326 2588 417 2613 Codes*
431 2596 567 2613 canonum
583 2586 684 2620 (1609)
703 2587 731 2611 S.
745 2585 819 2617 59s.;
837 2584 990 2610 Hivzschz‘us
1006 2584 1034 2609 S.
1050 2584 1109 2608 271.
1218 2584 1244 2614 2)
1266 2583 1370 2611 Amori,
1384 2582 1522 2607 Elementa
1535 2581 1606 2607 iuris
1621 2581 1747 2607 canonici

105 2631 146 2662 II,
168 2632 220 2658 537
250 2632 427 2665 (Sammluny
454 2641 501 2657 von
532 2631 674 2663 Die-ssen);
703 2630 798 2662 Miqne
820 2629 881 2659 130,
903 2628 968 2655 838:
991 2627 1144 2653 Hinschius
1163 2627 1192 2653 S.
1205 2627 1258 2652 625
1275 2627 1371 2660 (J.-K.
1395 2626 1472 2659 485),
1600 2626 1627 2656 3)
1651 2625 1746 2657 Miync

105 2676 165 2706 130,
181 2676 246 2706 88&
262 2677 415 2702 Hinschius
428 2677 457 2702 S.
471 2676 532 2701 626.
645 2676 672 2707 4)
688 2674 778 2700 Codex
792 2682 927 2699 canonum
946 2672 1048 2705 (1609)
1068 2671 1097 2697 S.
1110 2672 1163 2697 340
1180 2680 1202 2697 c.
1216 2672 1263 2700 10,·
1283 2671 1435 2696 Hinsohius
1453 2670 1481 2696 S.
1495 2670 1549 2695 530
1566 2678 1587 2695 c.
1601 2670 1631 2699 3;
1650 2669 1745 2701 qune

104 2720 165 2751 130,
187 2720 239 2746 699
263 2721 314 2746 c.3
341 2721 437 2754 (J.-K.
457 2721 536 2752 286).
664 2720 691 2750 5)
714 2719 769 2751 Vyl.
790 2718 853 2743 ΜΘ.
874 2717 961 2750 Epist.
978 2716 1026 2746 Vl,
1048 2715 1101 2741 366
1128 2716 1178 2741 Nr.
1192 2716 1226 2741 59
1251 2715 1342 2747 (J.-E.
1365 2714 1464 2747 2720);
1491 2723 1512 2739 s.
1536 2714 1625 2739 Neues
1646 2713 1746 2738 Archiv

104 2764 146 2795 44,
169 2765 226 2797 711.
350 2766 377 2796 6)
399 2765 429 2790 C.
445 2765 488 2793 14,
507 2764 597 2790 Codex
617 2772 750 2789 canonum
777 2762 877 2795 (1609)
901 2761 929 2786 S.
943 2761 990 2790 62;
1009 2760 1162 2786 Hinschvius
1177 2760 1206 2785 S.
1225 2760 1285 2784 271.
1417 2760 1444 2789 7)
1462 2758 1518 2791 1'9l.
1539 2758 1601 2783 oben
1622 2758 1651 2783 Z.
1671 2757 1704 2782 17
1715 2757 1743 2790 ff.

104 2808 159 2834 und
176 2810 209 2835 A.
225 2809 249 2834 4.
368 2810 395 2840 8)
417 2809 507 2834 Codex
526 2817 660 2834 canonum
685 2807 787 2840 (1609)
809 2806 837 2832 S.
852 2805 927 2837 159f.
946 2813 967 2830 c.
982 2805 1011 2833 3,·
1033 2804 1186 2830 Hinschius
1202 2804 1230 2829 S.
1245 2804 1297 2829 267
1314 2812 1334 2828 c.
1349 2803 1373 2828 3.
1393 2803 1415 2828 4.

190 2858 357 2884 Emsronuz
377 2857 460 2884 VIII.
1502 2852 1533 2876 18
