2220 3192
275 339 348 367 867.

377 246 438 273 :226
906 244 1094 270 HINKMAR
1114 244 1191 271 VON
1212 245 1331 271 REIMs
1350 246 1501 273 201-202.

375 340 454 366 saltu
478 339 513 364 ad
535 338 716 371 episcopatus
737 337 847 370 apicem
868 336 1006 370 imperiali
1029 337 1126 363 favore
1147 347 1180 364 ac
1202 334 1316 364 brachio
1339 339 1501 372 provehere,
1523 341 1557 365 ut
1577 338 1630 372 ipsi
1653 339 1766 371 putant,
1791 338 1906 363 minime
1927 338 2022 363 formi-

374 393 533 419 daverinta.
562 391 599 416 Et
612 390 714 420 adhuc,
731 390 807 422 quod
821 389 883 415 estb
895 390 1029 423 graviusb
1042 393 1072 416 et
1085 391 1219 421 insanius,
1235 401 1251 417 a
1266 391 1357 417 missis
1370 393 1474 418 nostris
1489 395 1588 418 contra
1602 399 1715 416 omnem
1729 391 1855 424 regulam
1868 393 1898 416 et
1912 393 2024 424 praeter

373 453 487 471 omnem
504 443 739 470 consuetudinem
755 443 882 468 libellum
898 443 972 473 fidei,
989 444 1011 468 si
1027 452 1056 469 se
1073 444 1109 470 ab
1125 444 1178 469 illis
1195 445 1281 478 recipi
1298 445 1411 475 vellent,
1428 446 1539 478 exigere
1558 443 1755 474 moliebantur,
1772 444 1802 469 in
1818 452 1874 477 quo
1889 446 1951 470 tam
1966 444 2023 470 ista

374 497 500 531 capitula
518 505 604 529 quam
621 505 655 522 ea
673 499 803 521 tenentes
821 496 1107 527 anathematizarent,
1126 506 1235 523 necnon
1252 498 1387 531 epistolas
1405 499 1554 524 canonicas
1572 498 1609 524 ab
1626 497 1669 522 his
1685 497 1720 527 ei,
1739 505 1824 530 quem
1841 506 1924 523 suum
1941 505 2022 523 oeco-

375 552 525 577 menieonc
552 550 744 583 patriarcham
770 549 943 583 appellantd‚
976 550 1085 576 dandas
1109 551 1227 584 inprobe
1253 551 1442 584 requirebant.
1480 548 1522 578 Et
1547 551 1607 585 ipse
1632 547 1765 576 invasor1
1791 547 2022 578 Constantino-

374 601 556 642 politanaee
575 603 707 628 ecelesiae
728 602 860 628 Photiust
884 603 914 628 in
932 604 1044 636 scriptis
1062 604 1119 630 suis
1138 612 1167 629 se
1186 604 1429 638 archiepiscopum
1448 606 1535 638 atque
1554 604 1743 630 universalem
1762 603 1955 637 patriarcham
1974 612 2023 637 ap-

374 657 477 691 pellat.
515 653 558 683 Et
584 653 796 693 imperatores
824 652 1000 684 Grecorum
1027 653 1147 693 legatos
1173 653 1369 694 apostolieae
1396 654 1479 684 sedis
1504 665 1582 684 cum
1608 653 1754 694 epistolis
1780 653 1988 684 veneratione
1998 660 2021 689 Β,

373 718 438 747 qua
458 706 651 741 debuerunt,
673 706 811 746 recipere
833 705 1019 737 noluerunt.

462 757 591 789 Undeh2
616 763 810 796 unusquisque
830 765 967 793 vestrum,
992 763 1040 796 qui
1065 761 1303 796 metropolitana1
1326 764 1388 789 iura
1411 763 1529 789 sortitus
1552 765 1605 793 est,
1629 763 1734 789 iunctis
1757 763 1811 788 sibi
1834 762 1970 788 fratribus
1993 765 2024 788 et

374 825 421 842 coe
426 816 501 849 piseo
504 817 546 849 pis
554 810 569 830 k

583 817 649 846 suis,
666 817 713 849 qui
727 816 781 842 sub
794 824 823 841 se
837 819 913 847 sunt,
925 816 960 842 de
975 817 1017 842 his
1032 816 1196 850 diligentem
1211 825 1307 842 curam
1322 816 1458 850 suscipiat
1472 818 1510 847 et,
1527 816 1595 850 quid
1609 816 1714 842 invidis
1728 824 1826 842 eorum
1840 816 2023 842 detractioni-

375 870 426 895 bus
446 869 552 903 opponi
574 877 684 895 necesse
705 870 751 897 sit,
773 870 868 895 rimari
889 870 1005 895 studeat
1025 871 1054 895 et
1074 870 1200 895 invenire
1220 877 1398 903 summopere
1419 870 1524 903 gestiat
1543 872 1630 903 atque
1650 868 1818 895 inventuml
1846 869 1927 895 nobis
1948 869 2024 895 otius

373 923 568 948 transmittere
590 923 705 948 minime
726 923 916 956 parvipendat
936 924 969 949 et
990 919 1186 956 praesulatui3
1206 925 1302 948 nostro
1323 923 1429 956 scripta
1449 923 1588 949 divinitus
1608 922 1748 956 inspirata
1767 923 1908 956 sapientia
1928 924 2025 948 vestra

373 975 605 1010 reprehendendo
621 978 651 1002 et
668 976 735 1002 sorti
750 984 863 1009 prorsus
880 977 1040 1002 invectione
1057 976 1182 1001 feriendo
1200 978 1313 1001 tantam
1329 976 1484 1002 eorundem
1500 976 1706 1010 imperatorum
1721 975 1898 1002 vesaniamm
1914 976 2023 1005 mittat,

374 1038 446 1062 quae
464 1037 515 1055 nos
534 1030 720 1062 suscipientes
739 1037 834 1055 rursus
852 1038 886 1055 ea
905 1038 969 1055 eum
988 1029 1049 1055 aliis
1067 1028 1294 1055 assertionibusn
1310 1030 1413 1055 nostris
1432 1029 1468 1055 ad
1486 1029 1613 1063 ipsorum
1632 1036 1745 1062 quoque
1763 1029 1939 1054 dementiam
1958 1037 2022 1055 eon-

373 1083 525 1109 futandam
548 1083 661 1108 mittere
684 1082 838 1108 valeamus.

470 1135 688 1173 Quapropter,
715 1133 813 1162 frater
824 1136 838 1151 ⁰
862 1132 1041 1167 karissime,
1059 1131 1242 1162 secundum
1259 1131 1372 1162 domni
1389 1130 1561 1172 apostolici
1578 1131 1900 1162 commendationem
1916 1130 1955 1161 de
1972 1130 2022 1161 his

374 1196 430 1226 per
451 1185 621 1216 tramitem
642 1185 881 1226 scripturarum
902 1189 935 1216 et
956 1184 1169 1216 traditionem
1192 1184 1365 1221 maiorum,
1381 1195 1464 1225 quae
1486 1183 1533 1215 illi
1554 1184 1749 1216 rescriberet>
1768 1184 2024 1215 convenienterp

374 1239 547 1279 possimus,
569 1249 722 1279 quaerere
744 1242 777 1269 et
798 1239 833 1269 in
854 1249 960 1269 unum
980 1237 1126 1278 colligere
1147 1238 1254 1273 stude,
1277 1241 1325 1274 ut,
1346 1249 1424 1269 cum
1444 1237 1545 1269 simul
1564 1238 1743 1269 adiuvante
1762 1238 1905 1269 Domino
1924 1248 2021 1268 vene-

373 1292 476 1323 rimus
485 1295 510 1328 ⁴1,
532 1302 615 1332 quae
631 1292 769 1332 quisque
786 1296 935 1323 nostrum
956 1291 1084 1322 invenit
1104 1290 1328 1331 singillatim',
1349 1291 1521 1322 communi
1541 1291 1650 1322 studio
1671 1290 1851 1332 relegamus
1871 1294 1916 1328 et,
1937 1301 2021 1332 quae

373 1345 499 1376 eidem*
517 1346 639 1376 domno
661 1356 764 1386 papae
784 1356 802 1376 a
825 1345 917 1376 nobis
937 1345 1011 1376 inde
1032 1344 1199 1375 scribenda
1219 1348 1309 1381 sunt⁷
1331 1344 1530 1375 ordinemus.

464 1407 551 1438 Data
574 1407 655 1437 IIII.
672 1406 746 1438 Kal.
770 1407 840 1438 Ian.
864 1407 1040 1437 indictione
1066 1406 1182 1447 prima.

1159 1594 1228 1623 202.

458 1654 617 1685 Hinkmar
639 1665 681 1684 cm
707 1654 834 1692 Bisclzof
857 1654 985 1685 Jolzamz
1009 1665 1067 1685 von
1091 1653 1239 1685 Cambraz'
1262 1653 1335 1684 iiber
1357 1653 1407 1685 die
1431 1654 1594 1695 Anklaqen
1616 1654 1669 1685 der
1690 1653 1839 1685 Griechen
1861 1663 1952 1694 qeyen
1974 1653 2024 1685 die

374 1707 524 1739 riinn‘sehe
547 1708 671 1738 Kirche.
1641 1707 1690 1738 29.
1706 1707 1869 1738 Dezember
1890 1707 1961 1739 867.

469 1778 535 1804 Ha:
555 1778 638 1804 Paris
655 1778 699 1803 lat.
718 1778 789 1803 2373
809 1778 851 1803 ΒΖ.
865 1778 919 1808 43',
937 1777 961 1803 9.
975 1777 1022 1803 Jh.
1044 1778 1113 1811 (B),
1131 1777 1219 1803 kollat.
1239 1777 1357 1811 Hampe,
1375 1778 1470 1803 Laehr.

466 1831 587 1857 Drucke:
607 1846 642 1850 —-

466 1885 576 1910 Schrijrs
600 1885 662 1917 Ray.
676 1900 711 1903 —

375 1974 585 1998 HINCMARUS
608 1974 787 1998 REMORUM
810 1973 1001 1998 EPISCOPUS
1023 1973 1174 1997 DILECTO
1196 1972 1329 1997 FRATRI
1351 1972 1395 1997 ET
1417 1973 1637 1997 VENERABILI
1660 1973 1828 1998 EPISCOPO
1851 1972 2024 1998 10HANN1⁴

1104 2016 1293 2042 SALUTEM‘.

467 2080 618 2111 Domnus
639 2079 839 2121 apostolicus
859 2079 1081 2110 communiter
1103 2079 1194 2110 nobis
1214 2083 1248 2110 et
1267 2079 1339 2110 aliis
1358 2079 1519 2120 episcopis
1539 2079 1629 2120 regni
1649 2079 1763 2110 domni
1784 2079 1887 2110 nostri
1910 2078 2023 2110 Karoli

374 2133 548 2174 epistolam
574 2133 674 2165 misit,
699 2133 732 2163 in
755 2144 821 2174 qua
843 2133 1043 2169 continetur,
1067 2133 1156 2173 quod
1180 2132 1271 2164 Greci
1294 2138 1356 2162 tam
1377 2136 1524 2163 ecclesiam
1546 2132 1732 2163 Romanam
1755 2135 1914 2170 specialiter
1937 2144 2024 2170 quam

374 2199 489 2216 omnem
510 2190 687 2223 generaliter,
711 2199 783 2223 quae
804 2190 901 2223 lingua
923 2190 1027 2216 Latina
1048 2190 1148 2219 utitur,
1172 2192 1312 2216 conantur
1332 2189 1543 2223 reprehendere,
1567 2189 1634 2222 quia
1654 2190 1813 2215 ieiunamus
1834 2190 1864 2215 in
1885 2189 2023 2219 sabbatis,

376 2244 452 2276 quod
470 2244 602 2277 spiritum
619 2246 751 2269 sanctum
769 2252 804 2269 ex
822 2246 903 2277 patre
922 2243 1035 2276 filioque
1054 2243 1203 2277 procedere
1220 2243 1376 2273 dicamus³‚
1397 2251 1461 2269 cum
1478 2243 1531 2276 ipsi
1549 2243 1624 2268 hunc
1642 2245 1758 2268 tantum
1774 2251 1810 2268 ex
1828 2245 1910 2276 patre
1927 2251 2023 2277 proce-

375 2297 440 2322 dere.
455 2296 609 2322 fateantur.
634 2297 742 2322 Dicunt
762 2299 908 2330 praeterea
923 2305 974 2322 nos
990 2297 1148 2322 abominari
1163 2297 1287 2330 nuptias,
1311 2297 1377 2330 quia
1392 2296 1561 2330 presbiteros
1576 2296 1669 2322 sortiri
1685 2296 1816 2329 coniuges
1832 2296 2023 2330 prohibemus

378 2353 407 2375 et
428 2350 590 2375 insimulare
611 2352 765 2383 temptant,
786 2347 873 2386 quod
895 2350 1009 2375 eosdem
1030 2350 1199 2383 presbiteros
1221 2350 1372 2376 chrismate
1392 2349 1472 2375 linire
1494 2349 1705 2383 baptizatorum
1725 2349 1833 2374 frontes
1853 2349 2021 2375 inhibemus.

463 2446 488 2472 ὓ)
506 2443 714 2467 formidaverunt
733 2443 811 2467 Sirm.
920 2442 944 2473 b)
962 2445 1066 2474 gravius
1085 2446 1125 2467 est
1144 2443 1172 2470 Ο,
1192 2443 1270 2467 Sir-m.
1372 2446 1395 2474 c)
1413 2444 1613 2467 eechonomicon
1627 2443 1657 2470 B,
1671 2443 1700 2467 C.
1799 2442 1824 2472 d)
1843 2443 1978 2474 appellunt
1996 2443 2026 2468 0.

377 2490 402 2517 Θ)
419 2487 545 2511 Zwischen
568 2496 585 2510 n
606 2488 660 2511 ‘und
681 2492 692 2511 t
714 2488 755 2510 ein
780 2487 881 2511 Buchsc.
903 2488 957 2511 rad.
980 2488 1008 2511 0.
1096 2486 1115 2517 ¹)
1134 2488 1248 2511 Photeus
1270 2488 1299 2512 C.
1382 2490 1405 2517 S)
1422 2487 1551 2511 Zwisclzen
1574 2495 1587 2511 e
1611 2487 1664 2511 und
1687 2495 1699 2510 r
1722 2487 1765 2510 ein
1790 2487 1891 2511 Bruchst.
1915 2488 1969 2512 rad.
1994 2488 2023 2512 C.

378 2531 403 2561 11)
423 2532 481 2555 inde
503 2532 580 2555 Simu.
680 2530 699 2561 ί)
718 2532 913 2562 metropolitani
936 2532 1013 2555 Sirm.
1114 2530 1140 2561 11ἰ)
1159 2531 1255 2562 coeplis
1275 2532 1304 2556 C.
1409 2531 1428 2562 1)
1446 2540 1460 2555 e
1478 2531 1627 2562 aberyeschr.
1648 2532 1678 2555 Β.
1782 2533 1815 2561 ¹¹¹)
1834 2533 1971 2561 vexam'am
1992 2532 2023 2556 B.

379 2579 405 2605 n)
424 2576 638 2599 assessationibus
658 2576 766 2605 (zweiles
785 2584 809 2599 ss
828 2576 907 2605 verb.)
927 2576 961 2603 Ο,-
988 2576 1178 2600 assuetionibus
1196 2576 1273 2600 Sirm.
1360 2578 1384 2606 0)
1403 2576 1496 2600 iratres
1522 2576 1552 2600 B.
1637 2578 1662 2605 D)
1681 2576 1864 2600 convenienter
1886 2576 2024 2600 rescribere

378 2621 407 2647 C,
426 2621 502 2644 Sirm.
587 2622 612 2649 ι1)
632 2621 772 2643 venirimus
793 2620 822 2643 B.
909 2622 930 2649 r)
949 2620 1101 2651 silgillatim3
1119 2628 1144 2644 es
1161 2620 1219 2651 solqt
1237 2620 1420 2645 dure-lestrichen
1436 2628 1495 2644 cum
1514 2620 1602 2644 studia
1619 2620 1648 2644 C.
1735 2622 1757 2650 Β)
1775 2620 1844 2644 idem
1864 2620 1895 2647 B,
1915 2620 1944 2644 G.

461 2673 522 2698 202.
551 2673 710 2703 ³)dic01nus
735 2673 764 2696 B.

475 2754 500 2784 1)
521 2752 554 2777 Α.
568 2760 593 2776 a.
606 2752 635 2777 0.
656 2752 706 2782 VJ,
720 2752 771 2777 605
792 2752 821 2777 Z.
835 2752 894 2784 23s.
990 2753 1016 2784 2)
1038 2752 1071 2777 A.
1085 2761 1110 2777 α.
1122 2752 1152 2778 Ο.
1168 2752 1217 2783 VI,
1230 2753 1283 2778 604
1298 2753 1328 2778 Ζ.
1342 2753 1458 2778 24-27.
1553 2752 1580 2784 3)
1600 2751 1635 2778 A.
1645 2751 1707 2778 (1.0.
1728 2752 1776 2783 Vl,
1790 2752 1842 2778 608
1862 2752 1892 2778 Z.
1905 2752 2022 2778 20—23.

381 2798 408 2827 4)
432 2797 464 2821 B.
479 2805 529 2821 ron
542 2796 679 2825 Cambrni.
694 2796 742 2828 ryl.
756 2795 819 2821 oben
833 2796 861 2821 S.
876 2795 928 2822 173
941 2796 974 2821 A.
990 2797 1013 2821 4.
1127 2799 1154 2829 5)
1172 2797 1228 2829 Vql.
1241 2796 1291 2822 das
1303 2796 1511 2830 qleichlauiende
1523 2795 1607 2822 swale
1624 2804 1661 2822 an
1671 2796 1728 2822 Odo
1740 2805 1791 2822 von
1805 2796 1942 2822 Beauvais
1957 2796 2023 2822 oben

380 2841 430 2866 Nr.
445 2840 495 2865 ⁴20]
514 2841 542 2865 S.
557 2840 636 2872 225s.
655 2841 703 2865 wil
720 2840 940 2873 Anmerlcunqen.

2051 819 2077 838 10

2048 1083 2078 1103 15

2048 1348 2077 1368 20

2047 1838 2074 1858 25

2050 2143 2076 2163 30

2050 2448 2078 2467 35

2047 2686 2074 2705 40
