2220 3192
255 307 413 338 860—861
422 331 428 336 .

298 1515 347 1539 vgl.
358 1516 377 1534 1.
386 1514 434 1535 Cor.

331 1542 352 1566 s,
361 1543 395 1562 11.

261 1637 280 1655 1.
292 1635 341 1656 Cor.
353 1637 388 1660 11,
399 1635 433 1655 19.

249 1953 299 1977 vgl.
312 1953 346 1973 ΡΒ.
357 1953 393 1977 50,
403 1954 435 1973 19.

242 2217 438 2242 vgl.1.‘r1m.2‚4.

242 2271 292 2295 vgl.
308 2271 374 2291 Rom.
387 2272 407 2294 5,
419 2273 436 2290 1.

277 2324 296 2343 2.
308 2324 357 2344 Cor.
370 2324 390 2348 5,
401 2324 436 2343 20,

458 215 516 244 ll4
1021 211 1206 237 HINKMAR
1227 210 1305 236 VON
1326 209 1445 235 REIMS
1469 211 1527 235 141.

453 306 622 346 Numquid
640 304 727 335 enim
746 303 885 344 perfecte
902 301 941 331 de
959 300 1107 330 trinitate
1125 301 1308 337 tractatum
1326 301 1385 335 est,
1402 301 1584 338 antequam
1601 297 1803 329 oblatrarent
1818 298 1969 330 Arriani?
1989 299 2090 330 Num-

451 359 530 400 quid
551 358 638 389 enim
659 356 799 397 perfecte
818 354 857 384 de
878 352 1099 394 paenitentiaa
1119 354 1302 383 tractatum
1323 354 1382 387 est,
1402 353 1584 391 antequam
1603 350 1797 381 obsisterent
1816 350 2016 382 Novatiani?
2040 351 2091 383 Sic

453 422 516 442 non
538 410 676 452 perfecte
695 408 734 438 de
753 406 953 447 baptismate
973 407 1156 435 tractatum
1175 407 1235 441 est,
1255 407 1437 444 antequam
1454 403 1715 435 contradicerent
1735 404 1812 434 foris
1831 404 1931 446 positi
1950 404 2092 446 rebapti-

450 468 584 499 zatores,
605 471 662 492 nec
682 460 721 491 de
741 459 811 500 ipsa
832 458 960 488 unitate
981 457 1099 488 Christi
1119 455 1288 487 enucleate
1307 456 1436 487 dictum
1455 460 1515 493 est,
1536 456 1599 487 nisi
1619 459 1836 497 posteaquam
1855 457 2018 498 separatio
2038 457 2092 489 illa

452 526 560 555 urgere
585 512 692 554 coepit
718 512 834 542 fratres
859 509 1016 541 infirmos.
1045 509 1167 541 Multos
1192 509 1282 540 enim
1307 520 1420 540 sensus
1445 513 1637 540 sanctarum
1662 510 1902 551 scripturarum
1926 509 2032 541 latent
2057 514 2090 542 et

452 567 563 609 paucis
582 563 895 605 intellegentioribus
915 562 985 594 noti
1006 566 1084 593 sunt
1104 573 1162 593 nec
1181 565 1373 593 asseruntur
1390 562 1597 593 commodius
1615 566 1649 593 et
1667 562 1914 604 acceptabilius,
1935 563 1998 594 nisi
2016 574 2092 595 cum

450 618 663 661 respondendi
680 616 849 648 haereticis
865 627 943 647 cura
960 615 1158 657 compellitb.
1180 615 1271 647 Tunc
1288 615 1378 647 enim
1395 615 1497 647 etiam
1513 615 1588 656 quic
1606 615 1782 657 neglegunt
1800 616 1909 647 studia
1926 616 2092 649 doctrinae

450 683 561 714 sopore
584 671 727 702 discusso
751 670 793 700 ad
816 669 971 700 audiendi
994 669 1183 700 excitantur
1205 668 1422 710 diligentiam,
1447 671 1485 699 ut
1508 668 1685 700 adversarii
1708 668 1920 710 repellantur.
1944 670 2092 711 Denique

448 736 549 767 quam
573 722 669 756 multi
692 723 927 764 scripturarum
949 725 1139 754 sanctarum
1162 724 1292 753 sensusd
1313 721 1353 753 de
1376 721 1502 753 Christo
1524 722 1591 753 Deo
1613 722 1728 753 asserti
1750 720 1847 753 suntd
1866 725 1980 754 contra
2004 723 2092 754 Foti-

450 777 553 810 num?
577 777 685 814 Quam
699 776 796 807 multi
809 775 849 806 de
861 775 993 806 homine
1008 775 1134 807 Christo
1147 779 1261 806 contra
1277 773 1505 806 Manicheum?
1529 775 1638 812 Quam
1652 774 1750 806 multi
1762 775 1801 806 de
1814 775 1965 807 trinitate
1977 780 2092 807 contra

451 829 651 863 Sabellium‘ss
687 829 796 867 Quam
824 828 921 859 multi
946 828 986 859 de
1013 828 1141 860 unitate
1166 828 1329 860 trinitatis
1352 828 1508 859 adversus
1531 828 1696 866 Arrianos,
1722 828 1959 866 Eunomianos,
1988 828 2092 861 Mace-

447 883 626 915 donianos2
652 883 760 920 Quam
777 881 874 913 multi
888 881 928 912 de
941 881 1100 912 catholica
1116 881 1247 913 ecclesia
1262 884 1334 912 toto
1349 880 1425 912 orbe
1439 880 1560 912 diffusa
1575 885 1609 912 et
1622 881 1662 912 de
1679 880 1842 913 malorum
1855 882 2092 914 commixtione

449 947 551 978 usque
568 936 602 967 in
620 935 721 967 finem
739 934 870 972 saeculi,
887 935 975 975 quod
992 934 1087 965 bonis
1105 935 1138 965 in
1156 937 1439 966 sacramentorum
1456 934 1526 965 eius
1543 934 1697 965 societate
1715 945 1781 966 non
1799 934 1920 972 obsint,
1937 935 2093 967 adversus

447 989 639 1021 Donatistas
659 987 817 1029 aliosque,
837 987 863 1018 si
880 987 938 1028 qui
956 991 1045 1025 sunt,
1064 988 1122 1028 qui
1140 987 1239 1019 simili
1257 998 1360 1019 errore
1378 999 1396 1018 a
1414 988 1554 1018 veritate
1571 987 1794 1018 dissentiunt?
1823 988 2000 1018 Didicimus1
2017 992 2094 1018 enim

447 1046 571 1079 singulas
594 1053 719 1079 quasque
742 1045 869 1071 haereses
891 1044 1019 1070 intulisse
1040 1044 1172 1071 ecclesiae
1195 1045 1323 1078 proprias
1346 1045 1534 1078 quaestiones,
1558 1048 1657 1070 contra
1680 1052 1750 1078 quas
1772 1043 1936 1078 diligentius
1957 1052 2025 1073 non
2046 1045 2094 1071 de-

448 1099 610 1126 fenderetur
630 1099 770 1132 scriptura
791 1097 898 1128 divina,
919 1098 942 1123 si
963 1097 1041 1123 nulla
1061 1097 1127 1124 talis
1148 1098 1301 1124 necessitas
1322 1100 1442 1131 cogeret.
1470 1097 1544 1128 Quid
1564 1101 1662 1123 autem
1683 1097 1775 1131 coegit
1795 1097 1856 1124 loca
1877 1098 2092 1132 scripturarum,

449 1153 551 1187 quibus
569 1151 792 1185 praedestinatio
811 1150 1011 1177 commendata
1029 1154 1082 1181 est,
1102 1151 1243 1184 copiosius
1260 1154 1290 1176 et
1307 1151 1483 1177 enucleatius
1501 1153 1599 1176 nostro
1617 1150 1713 1177 labore
1732 1150 1855 1181 defendi,
1874 1151 1928 1177 nisi
1947 1151 2024 1184 quod
2043 1152 2092 1177 Pe-

448 1206 551 1240 lagiani
563 1205 663 1231 dicunt
675 1205 797 1237 gratiam
810 1204 861 1230 Dei
874 1203 1030 1230 secundum
1044 1205 1145 1230 merita
1156 1207 1254 1230 nostra
1266 1203 1349 1230 dari?
1363 1204 1441 1230 Haec
1453 1212 1519 1237 ergo
1531 1206 1564 1229 ut
1576 1204 1688 1237 ingrata
1700 1204 1761 1230 Deo
1774 1204 1915 1230 sententia
1928 1204 2094 1232 destruatur

448 1259 580 1293 gratuitis
594 1258 646 1283 Dei
662 1257 813 1287 beneficiis,
829 1257 931 1290 quibus
946 1257 1099 1283 liberamur
1114 1257 1238 1288 inimica,
1256 1259 1285 1282 et
1301 1257 1417 1283 initium
1434 1256 1499 1282 fidei
1515 1260 1545 1283 et
1562 1257 1591 1282 in
1607 1265 1641 1283 ea
1657 1265 1746 1290 usque
1763 1258 1793 1283 in
1811 1256 1896 1283 finem
1913 1265 2092 1291 perseveran-

448 1313 536 1338 tiame
553 1310 708 1337 secundum
724 1311 888 1344 scripturas,
905 1310 980 1336 unde
997 1310 1088 1336 multa
1102 1311 1161 1336 iam
1176 1310 1310 1340 diximus,
1327 1310 1402 1336 dona
1419 1310 1470 1336 Dei
1486 1318 1546 1335 esse
1562 1309 1750 1336 defendimus.
1777 1307 1817 1338 In
1832 1317 1898 1348 qua
1915 1306 1978 1338 fide
1996 1307 2094 1339 multi

447 1365 560 1394 contra
582 1360 766 1402 praedictos
787 1364 820 1391 et
840 1363 955 1392 contra
976 1363 1098 1391 ceteros
1118 1360 1306 1397 haereticos,
1328 1371 1411 1401 quos
1432 1370 1622 1392 enumerare
1642 1359 1696 1391 vel
1715 1370 1972 1392 commemorare
1995 1361 2093 1392 nimis

448 1418 496 1446 est
518 1418 550 1445 et
573 1414 735 1455 praesenti
757 1413 846 1454 operi
870 1424 936 1445 non
958 1413 1187 1450 necessarium,
1208 1423 1351 1454 quorum
1371 1417 1487 1445 tamen
1509 1424 1667 1444 sensuum
1688 1413 1818 1454 probati
1839 1416 2013 1445 assertores
2032 1417 2093 1445 aut

450 1479 579 1510 prorsus
590 1467 730 1498 laterent
740 1470 801 1498 aut
812 1477 878 1497 non
890 1466 937 1498 ita
948 1466 1140 1503 eminerent,
1154 1470 1192 1498 ut
1203 1477 1256 1497 eos
1267 1466 1408 1498 eminere
1421 1466 1569 1497 fecerunt
1580 1465 1796 1508 superborum
1806 1466 2092 1504 contradictiones,

447 1522 505 1563 qui
525 1524 683 1552 noverant
702 1521 779 1551 haec
798 1523 939 1551 tractare
958 1523 1058 1561 atque
1077 1520 1261 1557 dissolvere,
1282 1531 1322 1550 ne
1343 1520 1485 1561 perirent
1505 1519 1639 1556 infirmi,
1661 1519 1827 1551 sollicitati
1845 1519 2094 1561 quaestionibus

449 1575 627 1616 impiorum
636 1573 771 1614 quique¹
783 1572 986 1604 sermonibus
1002 1576 1035 1604 et
1044 1572 1326 1614 disputationibus
1335 1573 1402 1604 suis
1411 1572 1548 1604 obscura
1559 1572 1637 1613 legis
1647 1573 1681 1603 in
1692 1572 1864 1614 publicum
1873 1573 2093 1604 deduxerunt.

447 1628 541 1660 Unde
556 1626 734 1668 apostolus,
751 1627 838 1667 quod
855 1627 957 1657 etiam
973 1626 1238 1667 praemisimus2:
1261 1625 1436 1667 ‘Oportet',
1454 1626 1573 1667 inquit,
1590 1625 1636 1656 ‘et
1651 1626 1797 1657 haereses
1813 1637 1890 1664 esse,
1909 1630 1946 1657 ut
1963 1626 2095 1668 probati

452 1680 615 1712 manifesti
638 1679 719 1710 fiant
742 1680 826 1710 inter
842 1679 923 1710 Vos’.
953 1679 1017 1717 Qui
1035 1679 1250 1716 corripiendi³
1272 1682 1349 1710 sunt
1367 1692 1383 1708 a
1402 1683 1570 1716 praepositis
1591 1683 1648 1708 suis
1671 1682 1895 1716 correptionibus
1916 1682 1951 1709 de
1973 1684 2093 1710 caritate

450 1737 638 1767 venientibus,
658 1733 712 1763 sed
731 1736 765 1763 et
782 1733 903 1773 quique
923 1735 1031 1762 subditi
1050 1736 1152 1762 fratres
1171 1744 1222 1770 pro
1241 1736 1389 1769 culparum
1407 1735 1574 1762 diversitate
1593 1735 1711 1763 diversis
1731 1736 1776 1762 vel
1795 1735 1951 1763 minoribus
1970 1736 2016 1762 vel
2034 1746 2093 1763 am-

451 1790 594 1824 plioribus.
619 1790 690 1820 Quia
707 1792 736 1814 et
753 1790 823 1823 ipsa,
842 1798 914 1823 quae
931 1789 1080 1815 damnatio
1097 1790 1271 1819 nominatur,
1291 1797 1377 1822 quam
1394 1789 1463 1815 facit
1480 1789 1638 1823 episcopale
1655 1789 1802 1820 iudicium,
1821 1797 1877 1823 qua
1895 1797 1987 1822 poena
2003 1790 2033 1815 in
2050 1798 2093 1816 ec-

451 1844 534 1869 clesia
551 1842 628 1869 nulla
646 1843 735 1868 maior
751 1845 804 1873 est,
823 1846 928 1876 potest,
946 1843 969 1868 si
985 1843 1062 1868 Deus
1077 1842 1208 1873 voluerit,
1226 1843 1255 1868 in
1273 1842 1480 1875 correptionem
1496 1842 1712 1869 saluberrimam
1730 1842 1827 1868 cedere
1845 1845 1931 1876 atque
1949 1842 2094 1876 proficere.

450 1896 548 1929 Neque
566 1896 641 1922 enim
659 1896 772 1926 scimus,
791 1895 860 1929 quid
878 1896 1025 1929 contingat
1043 1896 1173 1929 sequenti
1191 1895 1245 1926 die,
1264 1898 1315 1921 aut
1333 1898 1400 1921 ante
1418 1894 1503 1921 finem
1522 1896 1597 1920 vitae
1617 1895 1700 1920 huius
1717 1895 1752 1920 de
1771 1895 1866 1928 aliquo
1884 1895 2094 1929 desperandum

450 1954 493 1975 est
512 1952 563 1975 aut
582 1948 737 1975 contradici
757 1949 817 1974 Deo
837 1952 942 1982 potest,
962 1958 996 1974 ne
1016 1945 1152 1986 recipiat
1171 1952 1200 1974 et
1219 1949 1269 1974 det
1288 1949 1494 1982 poenitentiam
1513 1951 1542 1974 et
1562 1951 1679 1981 accepto
1698 1947 1835 1975 sacrificio
1854 1949 1970 1982 spiritus
1990 1950 2093 1975 contri-

451 2002 541 2028 bulati
554 2010 590 2030 ac
607 2002 697 2027 cordis
712 2002 827 2028 contriti
843 2011 860 2028 a
874 2005 954 2028 reatu
971 2003 1102 2035 quamvis
1116 2003 1208 2028 iustae
1223 2002 1415 2028 damnationis
1429 2001 1561 2027 absolvat
1576 2001 1802 2034 damnatumque
1817 2002 1877 2035 ipse
1892 2010 1948 2028 non
1964 2002 2092 2030 damnet.

452 2055 604 2081 Pastoralis
619 2058 716 2081 tamen
732 2056 883 2081 necessitas
898 2055 994 2085 habet,
1020 2064 1054 2080 ne
1070 2063 1119 2089 per
1134 2055 1228 2089 plures
1242 2057 1359 2088 serpant
1373 2055 1435 2081 dira
1450 2055 1590 2088 contagia,
1615 2062 1744 2087 separare
1760 2054 1797 2080 ab
1812 2054 1914 2080 ovibus
1929 2055 2005 2081 sanis
2022 2064 2093 2082 mor-

452 2107 557 2137 bidam,
578 2107 615 2133 ab
634 2108 691 2137 illo,
712 2108 755 2133 cui
776 2108 847 2134 nihil
865 2112 909 2134 est
928 2108 1111 2142 impossibile,
1131 2109 1193 2142 ipsa
1214 2108 1333 2134 forsitan
1353 2108 1531 2142 separatione
1551 2107 1718 2133 sanandam.
1741 2107 1904 2133 Nescientes
1924 2108 2010 2138 enim,
2033 2109 2095 2142 quis

452 2161 593 2194 pertineat
613 2160 649 2186 ad
670 2161 945 2194 praedestinatorum
966 2170 1125 2192 numerum,
1148 2162 1196 2195 qui
1216 2170 1273 2187 non
1294 2161 1444 2195 pertineat,
1465 2161 1504 2187 sic
1524 2160 1601 2186 affici
1620 2160 1756 2186 debemus
1777 2161 1905 2186 caritatis
1926 2161 2040 2191 affectu,
2061 2165 2094 2187 ut

454 2222 550 2239 omnes
566 2213 686 2239 velimus
701 2214 794 2239 salvos
811 2214 878 2239 fieri.
897 2214 958 2240 Hoc
975 2215 1079 2248 quippe
1095 2214 1138 2246 fit,
1155 2223 1220 2240 cum
1235 2214 1360 2248 singulos
1377 2222 1503 2248 quosque
1519 2216 1552 2239 ut
1568 2214 1749 2244 occurrerint,
1767 2222 1832 2239 cum
1849 2213 1952 2247 quibus
1967 2214 1997 2240 id
2013 2223 2094 2247 agere

453 2267 608 2296 valeamus,
628 2266 665 2292 ad
683 2266 736 2292 hoc
761 2275 896 2293 conamur
922 2263 1095 2301 inflectere,
1123 2271 1156 2293 ut
1173 2267 1321 2294 iustificati
1339 2276 1375 2293 ex
1394 2267 1448 2293 fide
1468 2275 1567 2300 pacem
1585 2266 1711 2292 habeant
1729 2266 1766 2292 ad
1786 2267 1888 2297 Deum,
1910 2275 1996 2300 quam
2015 2275 2093 2300 prae-

451 2319 567 2345 dicabat
581 2319 726 2352 apostolus
740 2320 838 2351 etiam,
852 2329 917 2346 cum
931 2320 1058 2347 dicebat:
1073 2317 1141 2346 ‘Pro
1151 2320 1263 2347 Christo
1277 2329 1343 2354 ergo
1357 2320 1497 2353 legatione
1512 2319 1656 2353 fungimur
1670 2322 1819 2353 tamquam
1831 2319 1891 2345 Deo
1905 2319 2094 2346 exhortanteg

453 2381 501 2406 per
516 2380 574 2398 nos.
594 2372 797 2398 Obsecramus¹¹
813 2381 863 2405 pro
875 2372 999 2399 Christo:
1019 2373 1179 2400 Reconcilia
1187 2374 1270 2400 mini
1285 2370 1366 2400 Deo'.
1390 2373 1521 2406 Quisquis
1531 2369 1544 2388 4
1558 2373 1673 2400 autem
1687 2381 1704 2398 a
1719 2372 1859 2399 catholiea
1875 2372 1992 2399 ecclesia
2008 2372 2095 2399 fuerit

452 2428 609 2458 separatus,
628 2425 839 2457 quantumlibet
856 2425 1036 2453 laudabiliter
1053 2435 1081 2452 se
1100 2427 1195 2453 vivere
1212 2428 1367 2457 existimet,
1385 2427 1438 2453 hoc
1455 2426 1514 2452 solo
1531 2426 1641 2456 scelere,
1661 2425 1737 2459 quod
1754 2434 1771 2451 a
1788 2425 1893 2451 Christi
1910 2426 2021 2452 unitate
2039 2426 2093 2451 dis-

536 2539 559 2566 a)
580 2536 662 2560 Ersles
682 2544 697 2559 a
716 2537 835 2560 vielleicht
856 2538 916 2561 verb.
935 2546 981 2560 aus
1003 2549 1017 2561 ω
1041 2539 1069 2562 Β.
1157 2537 1180 2565 b}
1201 2539 1308 2570 impellit
1323 2539 1399 2562 Sirm.
1468 2540 1490 2567 c)
1511 2538 1544 2561 So
1558 2538 1646 2565 Simu:
1667 2545 1732 2568 quae
1747 2537 1777 2561 Β.
1864 2537 1889 2568 ⁴¹)
1910 2541 2094 2562 sensus—sunt

453 2581 499 2611 aa(
522 2581 580 2604 Rae.
604 2581 633 2605 B.
734 2582 757 2610 e)
778 2580 843 2605 Verb.
864 2582 952 2607 Simu:
972 2584 1161 2612 perseverantia
1186 2583 1215 2606 B.
1324 2582 1342 2613 t)
1362 2583 1432 2607 Fehlt
1452 2582 1528 2606 δίνη).
1644 2584 1666 2611 ἕ)
1691 2583 1706 2605 h
1721 2581 1879 2612 riberqeschr„
1895 2590 1912 2606 n
1925 2582 1970 2612 aus
1987 2582 2046 2605 Rus.
2064 2582 2093 2606 Β.

455 2624 480 2654 ¹¹)
495 2633 509 2647 a
523 2625 690 2648 ‹mscheinend
704 2625 774 2650 verb..
790 2625 907 2649 viellericlzt
921 2634 967 2649 ans
981 2635 994 2649 (-
1012 2627 1040 2650 Β.

547 2714 571 2744 1)
589 2712 735 2744 Amyn-stin.
753 2712 818 2737 liber
834 2713 863 2737 de
881 2713 950 2738 dono
967 2715 1177 2746 perseverantiae
1194 2724 1214 2740 c.
1229 2715 1271 2740 20.
1287 2715 1330 2742 21.
1349 2714 1443 2747 Miqne
1457 2714 1500 2742 45,
1514 2714 1609 2746 1026j.
1704 2714 1731 2745 2)
1745 2713 1801 2746 Vyl.
1819 2713 1881 2739 oben
1896 2713 1925 2739 S.
1939 2713 1991 2739 113
2007 2713 2036 2738 Ζ.
2050 2713 2093 2739 34.

454 2757 481 2787 3)
499 2757 644 2789 Avyustin.
662 2756 692 2781 (Ie
709 2757 872 2789 correptione
888 2760 910 2782 el
927 2758 1012 2789 qratia
1030 2758 1074 2783 lib.
1092 2768 1164 2784 wat-s
1180 2768 1201 2784 ς,
1217 2759 1258 2786 15.
1281 2759 1375 2792 Mi'yne
1392 2759 1435 2788 44,
1449 2758 1509 2783 944.
1625 2759 1652 2789 4)
1674 2758 1820 2790 Auqustin.
1835 2758 1912 2791 epist.
1931 2758 1991 2787 141,
2013 2758 2092 2790 Gorp.

452 2801 561 2826 Ir'z'ndob.
583 2801 626 2829 44,
646 2801 722 2832 2381.

2122 787 2147 806 10

2122 1052 2148 1072 15

2121 1318 2147 1337 20

2120 2372 2196 2400 40'

2193 2415 2195 2424 <

2120 2719 2145 2740 45
2190 2711 2200 2754 ,ζ’

2206 0 2220 959 naama-:ammam-
