2220 3192
672 245 858 272 HINKMAR
880 247 955 273 VON
978 247 1098 274 REIMS
1119 249 1179 274 184.
1690 249 1748 276 175

104 331 344 374 provintiarum
362 331 516 371 syn0d0¹‚
534 333 692 373 quoniam
710 333 859 366 ecclesiae
881 335 959 366 mihi
977 337 1168 367 commissae
1189 336 1247 368 filii
1266 341 1403 368 finitimos
1422 343 1566 376 episcopos
1585 349 1643 379 pro
1663 351 1748 369 eausa
1773 341 1846 371 866.

102 396 161 416 sua
177 388 426 423 interpellarunt
445 387 479 415 et
493 384 682 416 huiusmodi
696 387 822 418 Africae
839 389 1021 429 provintiae
1035 389 1196 420 canones²
1211 394 1326 421 vicinos
1340 395 1495 428 episcopos
1510 395 1576 421 audi
1583 403 1615 421 re
1629 397 1660 420 et
1673 395 1748 420 inter

102 450 151 469 eos
168 449 205 469 ac
226 437 396 479 proprium
416 441 570 467 adhibitos
589 442 627 468 ab
645 442 685 467 eis
703 444 853 477 episcopos
872 441 987 472 iubent
1005 443 1245 483 querimoniam
1263 447 1419 478 diffinire,
1438 454 1496 485 ego
1515 443 1695 475 Vulfadum
1713 447 1747 475 et

102 491 239 532 collegas
253 491 323 522 eius
339 501 405 521 non
419 490 563 522 iudicavi
578 502 681 532 neque
696 492 737 523 ab
752 493 919 524 ordinibus
934 494 1157 526 ecclesiasticis
1174 496 1285 537 pepuli
1298 496 1351 528 vel
1364 497 1463 528 deieci
1479 507 1536 528 nec
1550 497 1653 528 etiam
1671 509 1747 529 cum

64 553 77 573 ⁵
106 544 268 576 iudicibus
286 555 400 575 eorum
418 543 605 585 subscripsi,
625 544 710 575 sicut
730 550 851 576 norunt
869 547 927 587 qui
945 547 1165 579 interfuerunt
1184 553 1217 580 et
1235 549 1306 591 ipsa
1324 550 1425 581 etiam
1443 550 1639 592 episcopalia
1656 554 1747 591 gesta

101 609 215 629 eorum
234 597 434 629 inconvulsis
451 597 747 638 subscriptionibus
764 598 916 636 subnixa,
939 611 958 631 a
976 601 1096 641 quibus
1114 602 1200 632 fuere
1220 606 1361 643 patrata,
1381 603 1637 645 praesentialiter
1655 614 1746 635 mon-

102 650 239 682 strant3.
258 651 352 683 Unde
370 650 560 682 iubentibus
578 651 700 682 eisdem
717 652 876 693 episeopis
894 656 1029 684 tantum
1046 654 1175 685 baiulus
1194 655 1256 686 fui:
1279 666 1413 687 causam
1430 657 1580 688 videlicet
1597 657 1746 688 ecclesiae

104 705 183 736 mihi
202 704 395 736 commissae
417 703 457 735 ab
478 703 541 735 ilh‘s
562 703 743 735 diffinitam
763 705 805 735 ad
825 706 934 736 sedem
954 707 1169 747 apostolicam
1188 708 1384 740 deserendi&

199 757 289 795 Quae
301 757 415 788 domni
430 757 600 788 Benedicti
613 757 782 798 apostolici
798 758 964 800 privilegio
973 759 986 779 5
998 760 1058 790 sub
1073 764 1264 790 anathematis
1276 766 1498 800 interpositione,
1512 769 1545 792 ut
1557 767 1622 792 inde
1636 767 1746 800 questio

52 820 79 839 ιο
102 814 186 840 nullis
200 814 353 848 aliquando
367 814 545 848 temporibus
558 815 676 845 oriatur,
691 815 771 842 sunt
783 811 979 843 confirmata
999 816 1032 843 et
1045 813 1181 844 demum
1194 814 1306 845 domni
1319 815 1444 846 Nicolai
1459 826 1561 856 papae
1575 815 1746 847 confirma-

103 865 192 896 tione
201 864 224 901 ⁶,
245 868 320 894 sicut
339 870 455 894 sanetae
475 868 677 894 recordationis
698 864 896 896 Benedictus
917 869 1046 903 pontifex
1065 870 1142 896 illam
1163 870 1343 897 confirmavit
1361 870 1439 898 salvo
1460 872 1606 899 Romanae
1625 873 1699 898 sedis
1717 873 1748 898 in

101 920 234 948 omnibus
244 921 323 947 iussu
335 923 422 954 atque
434 921 540 948 iudicio
551 917 612 948 sub
624 917 761 949 terribili
772 918 994 955 anathemate,
1010 922 1057 956 ut,
1070 930 1296 961 quaecumque
1309 932 1427 957 persona
1436 921 1458 955 ⁷,
1472 933 1574 958 magna
1584 921 1636 952 vel
1648 934 1746 960 parva,

102 975 252 1002 temerario
268 983 339 1001 ausu
357 976 455 1001 contra
471 974 525 1001 hoc
541 981 640 1002 suum
656 975 845 1008 apostolieum
860 975 1007 1001 decretum
1023 984 1103 1009 agere
1120 978 1349 1010 praesumpserit,
1365 978 1557 1004 anathematis
1573 979 1685 1004 vinculo
1701 979 1748 1004 sit

101 1028 265 1059 innodatus,
284 1028 364 1055 sunt
383 1023 549 1055 roborata:
568 1024 660 1055 velut
679 1024 731 1056 hic
751 1025 889 1066 potestis
908 1029 1050 1056 retexere
1071 1030 1104 1056 et
1123 1025 1227 1066 sigilla
1246 1036 1359 1057 eorum
1379 1026 1468 1058 salva
1486 1038 1522 1058 ac
1542 1028 1747 1069 incorruptas

52 1085 78 1105 15
101 1077 279 1120 scripturas
299 1082 398 1119 atque
418 1077 674 1119 subscriptiones
693 1077 811 1109 valetis
830 1078 999 1119 inspicere.
1020 1078 1064 1110 Et
1083 1079 1161 1120 quia
1181 1079 1270 1110 sedes
1289 1079 1479 1120 apostolica,
1502 1084 1539 1110 ut
1559 1080 1593 1111 in
1611 1081 1747 1112 decretis

102 1142 238 1162 suorum
254 1131 449 1172 pontificum
464 1130 601 1172 legimus
610 1131 633 1168 Β,
650 1131 685 1162 in
700 1131 778 1162 hcca
794 1142 925 1174 prorsus
940 1142 1000 1163 sua
1015 1132 1076 1163 sibi
1100 1136 1313 1173 magnopereb
1334 1136 1398 1163 iura
1411 1137 1581 1164 conservat
1601 1137 1635 1164 et
1657 1138 1749 1165 aliena.

103 1188 237 1220 custodit,
255 1184 357 1216 immo
374 1195 433 1215 sua
451 1185 583 1226 propria
600 1184 690 1221 facit,
709 1188 747 1215 ut
762 1185 870 1216 omnis
888 1186 1014 1226 questio
1041 1186 1083 1216 ad
1110 1197 1182 1217 eam
1208 1185 1310 1217 relata
1328 1186 1447 1217 iudicio
1473 1190 1506 1217 et
1532 1197 1607 1218 suae
1633 1187 1746 1218 confir—

102 1238 256 1270 mationis
282 1238 443 1269 decisione
470 1237 570 1269 finem
594 1237 746 1279 accipiat,
774 1249 908 1269 omnem
937 1249 979 1269 ex
1003 1238 1062 1269 hac
1087 1249 1185 1270 causa
1213 1239 1431 1280 suspitionem
1457 1239 1663 1280 querulitatis
1688 1240 1746 1270 hae

101 1292 243 1323 duorum
260 1290 595 1332 praeclarissimorum
619 1291 872 1323 luminariorum
895 1291 1160 1323 confirmationes
1183 1296 1283 1334 atque
1307 1291 1561 1333 subscriptiones
1584 1304 1603 1323 a
1629 1293 1746 1323 nostris

52 1352 80 1371 2⁰
102 1344 285 1386 regionibus
302 1349 336 1376 et
355 1344 521 1376 mentibus
538 1343 758 1376 abstulerunt.

191 1398 287 1429 Nunc
304 1408 391 1436 vere,
410 1397 488 1440 quia
504 1398 625 1429 isdemc
641 1398 784 1429 domnus
801 1402 835 1428 et
853 1402 946 1439 pater
964 1402 1072 1428 noster
1088 1397 1242 1429 Nicolaus
1261 1409 1346 1440 papa
1363 1399 1430 1429 suis
1447 1398 1614 1440 epistolis⁹
1630 1409 1672 1429 ex
1688 1399 1746 1429 hoc

103 1451 232 1492 negotio
250 1463 269 1482 a
285 1451 378 1482 vobis
396 1451 508 1483 sanxit
526 1451 669 1483 refricari
686 1451 859 1488 iudicium,
880 1455 1033 1482 monente
1051 1451 1215 1493 apostolo:
1233 1451 1403 1483 ‘Oboedjte
1422 1452 1614 1493 praepositis
1632 1452 1747 1483 vestris
1762 1463 1833 1483 Hem.
1846 1464 1924 1487 13,17.

101 1508 135 1535 et
149 1504 314 1536 subiacete
329 1505 398 1542 eis’,
414 1505 502 1546 quod
520 1505 687 1546 privilegio
703 1504 901 1546 apostolicae
917 1505 1000 1536 sedis
1015 1505 1054 1535 de
1070 1505 1150 1546 ipsis
1166 1505 1321 1536 fratribus
1335 1505 1479 1536 decernit
1493 1505 1546 1536 vel
1559 1505 1746 1542 decreverit,

104 1562 141 1588 ut
151 1558 311 1600 competit
325 1569 414 1590 meae
426 1557 618 1595 subditioni,
631 1557 764 1590 oboedio
776 1562 810 1590 et
821 1558 1002 1595 oboediam,
1015 1558 1100 1589 sicut
1113 1558 1271 1589 hactenus
1281 1558 1470 1589 conservavi
1481 1569 1528 1595 ea,
1540 1569 1623 1599 quae
1635 1558 1747 1589 domni

52 1620 79 1642 2⁵
102 1611 271 1643 Benedicti
290 1616 324 1643 et
343 1623 402 1643 sua
422 1612 558 1643 fuerunt
576 1612 774 1643 auctoritate
795 1612 937 1643 firmata.
956 1612 1001 1643 Et
1020 1612 1101 1643 item
1120 1612 1247 1643 dicente
1267 1611 1430 1652 apostolo:
1449 1611 1614 1652 ‘Idipsum
1632 1611 1747 1642 dicatis
1764 1624 1782 1642 1.
1794 1623 1842 1642 cor.
1854 1622 1917 1646 1,1o.

102 1676 226 1702 omnes,
242 1669 276 1696 et
292 1676 359 1696 non
374 1666 442 1696 sint
458 1666 492 1696 in
508 1665 601 1696 vobis
617 1664 795 1702 scismata',
811 1665 899 1696 sicut
914 1666 1041 1696 servavi
1060 1676 1160 1706 usque
1177 1666 1211 1696 in
1228 1676 1378 1706 praesens
1393 1675 1477 1706 quae
1494 1665 1748 1706 praedecessores

102 1719 310 1760 quorundam
324 1723 511 1750 vestrorum
520 1729 599 1750 cum
609 1719 808 1760 quibusdam
825 1729 867 1750 ex
876 1718 969 1750 vobis
981 1718 1170 1760 regulariter
1181 1729 1222 1749 ex
1233 1718 1354 1750 eisdem
1366 1718 1522 1749 fratribus
1532 1718 1747 1754 diffinierunt,

102 1772 150 1804 ita
162 1776 195 1803 et
207 1783 290 1813 quae
303 1773 341 1804 de
356 1772 435 1814 ipsis
447 1773 601 1804 canonice
614 1773 711 1803 iuxta
724 1776 871 1803 tenorem
884 1772 1098 1813 epistolarum
1111 1772 1225 1803 domni
1237 1771 1407 1812 apostolici
1420 1771 1628 1807 diffinieritis,
1642 1775 1748 1808 priscis,

105 1830 142 1856 ut
158 1826 239 1857 dicit
255 1825 447 1862 Gelasiusffl,
463 1838 513 1863 pro
529 1830 572 1856 sui
590 1830 748 1855 reverentia
764 1829 945 1855 manentibus
959 1830 1122 1856 constitutis
1136 1829 1169 1855 et
1187 1829 1348 1856 reservato
1368 1835 1424 1865 per
1439 1825 1550 1856 omnia
1567 1824 1747 1855 sententiae

52 1888 80 1908 so
101 1890 138 1910 ac
152 1879 231 1910 iuris
246 1878 414 1920 privilegio
428 1879 626 1920 apostolicae
640 1879 725 1910 sedis
739 1878 940 1920 regularibus
954 1879 1069 1909 vestris
1083 1878 1337 1909 diffinitionibus
1350 1877 1521 1909 ‘sollicitus
1535 1888 1659 1908 servare
1676 1877 1746 1908 uni·
1762 1889 1820 1913 Eph.
1831 1890 1851 1913 4,
1862 1890 1881 1909 3.

102 1935 208 1964 tatem
226 1933 362 1974 spiritus
382 1933 416 1964 in
434 1932 567 1964 vinculo
588 1933 687 1974 pacis'
706 1932 923 1963 consentiam.
951 1932 1014 1969 Qui
1033 1932 1173 1963 istorum
1192 1931 1344 1968 fratrum,
1363 1931 1402 1962 de
1420 1930 1539 1972 quibus
1557 1930 1676 1972 agitur,
1695 1928 1748 1960 vel

102 1996 385 2027 quorumcumque
404 1985 545 2018 aliorum
564 1985 715 2018 felicitati
734 1997 801 2017 non
818 1986 947 2017 invideo
968 1996 1024 2016 nec
1045 1996 1100 2026 per
1117 1995 1361 2026 quamcumque
1382 1983 1543 2015 malitiam
1561 1994 1615 2014 eos
1635 1993 1746 2014 nocere

103 2039 233 2076 fest-ino,
253 2050 396 2081 quorum
415 2038 580 2071 salubrem
599 2050 636 2071 ac
657 2039 837 2082 regularem
857 2043 985 2070 statum
1004 2042 1037 2069 et
1056 2038 1167 2079 cupivi
1187 2041 1221 2068 et
1239 2037 1336 2078 cupio
1356 2041 1389 2067 et
1410 2036 1555 2078 quaesivi
1574 2040 1607 2067 et
1626 2047 1746 2077 quaero

103 2096 136 2123 et
151 2093 190 2124 de
207 2103 349 2135 quorum
365 2093 544 2124 deiectione
561 2092 651 2124 dolui
668 2094 748 2124 satis
765 2098 798 2123 et
814 2092 916 2128 doleo,
934 2092 1011 2132 quia
1029 2102 1124 2122 nemo
1143 2091 1248 2122 maius
1264 2090 1475 2132 dispendium
1490 2090 1529 2121 de
1547 2088 1678 2121 illorum
1693 2089 1746 2120 de-

52 2153 80 2174 35
103 2146 240 2177 iectione
251 2146 349 2177 habet
361 2157 461 2188 quam
471 2157 541 2188 ego.
558 2147 657 2184 Quos,
667 2147 753 2178 sicut
768 2146 845 2177 mihi
858 2146 999 2176 domnus
1011 2143 1210 2185 apostolicus
1222 2144 1376 2185 dignatus
1388 2147 1438 2174 est
1449 2143 1585 2174 scribere
1594 2141 1630 2178 11,
1640 2146 1747 2171 iustum

104 2203 171 2236 quid
187 2203 232 2229 vel
247 2204 326 2237 pium
345 2204 492 2229 sentiens
511 2204 570 2229 sine
586 2200 817 2232 retractatione
832 2204 862 2228 in
876 2203 933 2228 suis
947 2201 1093 2227 ordinibus
1112 2208 1271 2228 consensu
1290 2208 1327 2228 ac
1348 2196 1466 2227 iudicio
1481 2195 1747 2236 coepiscoporum

102 2253 272 2285 Remensis
290 2253 473 2294 provintiae
490 2257 652 2283 restituere
670 2257 880 2288 maturarem,
898 2252 925 2283 si
942 2251 1012 2282 illos
1028 2251 1069 2282 ab
1085 2251 1208 2281 eisdem
1222 2249 1374 2291 gradibus
1390 2260 1467 2281 cum
1483 2260 1596 2280 eorum
1612 2252 1748 2279 tantum

103 2306 222 2337 iudicio
238 2306 436 2338 deiecissem.
455 2310 500 2336 Ad
517 2311 606 2344 quod
632 2319 694 2338 me.
706 2306 800 2337 iuxta
816 2306 885 2336 eius
901 2305 998 2335 verba
1014 2303 1376 2344 discretissima12‚quia
1392 2313 1445 2333 eos
1463 2313 1528 2333 non
1544 2301 1654 2338 deieci,
1672 2305 1747 2331 flecti

104 2363 212 2390 munda
231 2363 403 2390 conscientia
422 2372 479 2390 non
499 2364 645 2398 permisit.
666 2360 710 2391 Et
728 2359 786 2390 hoc
809 2370 879 2389 meo
898 2369 981 2388 ausu
1001 2357 1103 2388 facere
1117 2367 1238 2392 vereor,
1253 2356 1412 2397 quonjam
1430 2367 1449 2386 a
1468 2355 1559 2387 vobis
1578 2358 1638 2386 aut
1656 2365 1675 2385 a
1693 2355 1746 2385 de-

54 2423 81 2443 40
102 2413 279 2444 cessoribus
299 2414 426 2450 vestris,
442 2414 589 2455 quinque
603 2412 755 2444 videlicet
776 2411 1015 2453 provintiarum
1035 2410 1238 2451 episcopislss,
1258 2420 1400 2450 quorum
1422 2419 1492 2440 meo
1512 2419 1672 2439 consensu
1691 2417 1746 2437 ex—

187 2514 209 2539 a)
229 2511 294 2535 Vrrb.
312 2519 360 2535 <1qu
378 2513 426 2535 hac
450 2512 480 2535 B.
569 2511 592 2539 ¹¹)
611 2511 676 2534 I'erb.
698 2511 728 2534 Β.
813 2512 835 2538 c)
855 2509 1036 2539 Nuchqwtmyen
1058 2508 1089 2531 Β.

189 2582 214 2612 l)
235 2581 263 2606 S.
287 2581 349 2606 oben
374 2582 402 2607 S.
416 2582 470 2607 174
492 2583 526 2607 A.
541 2582 583 2607 12.
707 2582 734 2611 2)
756 2581 835 2605 Cone.
859 2579 983 2610 African.
998 2587 1018 2603 c.
1033 2578 1076 2605 92,
1099 2578 1189 2603 Codex
1210 2585 1345 2602 canonum
1373 2576 1475 2607 (1609)
1501 2576 1528 2600 S.
1543 2576 1595 2600 :270
1617 2587 1643 2596 ἶ
1666 2575 1744 2600 Cone.

107 2625 259 2650 Milevitan.
279 2634 300 2651 c.
320 2626 364 2653 22.
384 2626 540 2651 Hinsrhius
558 2626 587 2651 S.
601 2626 661 2651 319.
757 2625 784 2655 3)
802 2623 857 2655 1791.
879 2623 990 2649 Sclzrffls
1011 2622 1039 2647 S.
1053 2623 1095 2647 65.
1208 2623 1235 2652 4)
1254 2621 1308 2653 Vql.
1330 2620 1392 2645 oben
1415 2620 1465 2645 Νν.
1478 2620 1512 2644 55
1533 2619 1561 2644 S.
1575 2619 1624 2647 32:
1650 2619 1699 2644 ΝΥ.
1712 2619 1747 2643 67

106 2669 196 2703 Sib‘b':
217 2670 266 2695 Ns.
282 2670 315 2695 74
336 2670 364 2695 S.
379 2671 422 2696 33.
537 2672 564 2702 5)
586 2670 650 2695 MG.
666 2668 814 2702 Epist.1'I.
828 2667 905 2698 367f.
920 2667 970 2692 Nr.
984 2666 1039 2692 5911
1065 2666 1156 2699 (J.-E.
1179 2665 1275 2697 2664).
1387 2665 1414 2695 6)
1436 2664 1499 2689 MG.
1522 2663 1609 2696 Epist.
1630 2663 1677 2689 VI.
1694 2663 1746 2688 365

56 2713 82 2734 ⁴⁵
105 2713 134 2738 Z.
148 2714 217 2747 2117.
240 2714 290 2739 Nr.
303 2715 338 2740 59
362 2714 454 2747 (LE.
478 2714 576 2747 2720).
681 2715 708 2744 ’7)
729 2711 838 2738 Ebemla
857 2711 905 2739 VJ,
926 2711 979 2736 366
998 2710 1028 2735 Ζ.
1042 2710 1101 2742 37f.
1205 2711 1232 2741 8)
1250 2709 1304 2741 I'ql.
1330 2708 1405 2740 Brz'ef
1427 2707 1570 2733 Nikolaus·
1592 2707 1616 2732 I.
1639 2707 1689 2732 Nr.
1704 2706 1746 2732 74.

109 2757 172 2783 ΜΟ.
188 2758 277 2791 Epist.
291 2759 339 2788 Vl,
354 2759 406 2784 406
419 2759 449 2784 Ζ.
464 2759 498 2784 23
515 2758 606 2791 (J.·E.
622 2758 719 2790 2302).
827 2757 855 2787 9)
876 2755 926 2780 Nr.
942 2754 1055 2781 74—76.
1073 2754 1136 2779 MG.
1156 2754 1243 2787 Epist.
1260 2753 1307 2782 VI,
1325 2752 1410 2785 wlff.
1432 2751 1522 2784 (J,.E,
1541 2751 1744 2783 2802—2804).

110 2803 152 2833 lO)
173 2802 325 2828 Hinschius
341 2803 369 2828 S.
383 2803 436 2828 650
464 2811 484 2828 c.
499 2803 529 2829 2:
556 2802 634 2827 Thio!
650 2802 675 2829 Ι,
692 2801 745 2827 362
767 2800 862 2832 (J„K‚
876 2799 955 2831 636).
1069 2799 1112 2829 ll)
1136 2798 1212 2829 Rriej
1230 2796 1374 2822 Nikolaus'
1395 2796 1419 2821 I.
1440 2796 1489 2821 Nr.
1512 2796 1553 2823 74,
1573 2795 1636 2820 ΜΘ.
1658 2795 1745 2827 Epist.

104 2845 151 2872 VI.
164 2847 215 2871 405
236 2847 265 2871 Z.
279 2847 338 2878 301.
365 2847 458 2879 (.J.-E.
473 2847 570 2879 2802).
668 2846 711 2876 12)
732 2844 840 2870 Ebcnda
860 2843 906 2869 VJ.
922 2843 973 2868 105
994 2842 1024 2867 Ζ.
1038 2842 1096 2874 21s.
1211 2842 1255 2872 13)
1273 2841 1328 2871 5⁷91.
1342 2840 1406 2865 oben
1419 2840 1447 2865 S.
1462 2839 1539 2871 174f.
