2220 3192
43 807 70 828 10

43 1072 70 1093 15

42 1338 69 1358 20

42 1603 69 1624 85

43 1868 69 1889 80

43 2133 70 2154 86

44 2523 71 2542 40

46 2743 72 2763 45

665 233 851 259 HJNKMAR
871 234 949 260 VON
969 234 1089 261 REIMS
1111 236 1170 261 169.
1679 236 1735 263 161

97 319 315 360 mancipatus,
342 319 478 350 docente
503 320 666 361 apostolo:
693 321 920 354 ‘Haereticum
944 323 1112 355 hominem
1139 327 1213 365 post
1240 324 1381 366 primam
1407 328 1440 356 et
1465 325 1643 356 secundam
1667 336 1735 356 cor—

94 373 277 414 reptionem
298 372 419 409 devita‚
442 373 545 404 sciens
566 373 759 406 subversum
781 386 848 407 esse
869 376 1057 408 huiusmodi
1077 380 1112 408 et
1134 377 1263 418 proprio
1286 377 1405 409 iudicio
1426 378 1733 419 condempnatum.³

99 429 162 461 Qui,
183 429 220 456 ut
235 426 298 456 Leo
320 435 404 466 papa
424 426 462 456 de
481 425 596 457 Eubice
615 427 797 464 dicit1,eum
816 432 936 459 videret
954 433 1138 467 insipientiae
1157 442 1225 460 suae
1243 442 1359 460 sensum
1378 434 1525 460 catholicis
1545 435 1662 461 auribus
1680 434 1737 461 dis-

93 482 205 516 plicere,
221 490 353 508 revocare
369 490 398 507 se
416 491 433 507 a
448 490 500 508 sua
516 484 649 516 opinione
666 483 805 510 debuerat
820 494 871 511 nec
886 486 929 512 ita
943 486 1077 512 ecclesiae
1094 487 1236 520 praesules
1253 495 1429 513 commovere
1436 491 1458 518 Β,
1475 492 1509 514 ut
1523 488 1737 521 dampnationis

91 536 265 562 sententiam
285 539 439 561 mereretur
456 536 595 569 excipere.
622 536 712 568 Quam
732 538 841 571 utique,
859 539 885 564 si
902 539 932 564 in
950 547 1002 565 suo
1019 548 1103 565 sensu
1123 540 1247 566 voluerit
1264 549 1438 574 permanere,
1457 541 1551 566 nullus
1570 542 1678 575 poterit
1694 549 1736 566 re-

94 589 198 615 laxare.
214 585 243 615 A
258 595 323 625 qua
339 585 594 625 dampnationeb
617 586 644 616 si
659 585 814 618 voluisset
829 588 870 618 ad
886 599 1019 619 sensum
1033 588 1231 620 catholicum
1247 590 1441 631 resipiscere,
1459 594 1594 631 paratus
1609 601 1737 632 semper

94 639 142 669 fui
155 642 189 669 et
202 648 287 675 sum,
307 637 466 678 quoniam
479 638 523 668 sic
538 638 735 670 venerabiles
748 640 976 672 iudicaverunt
989 642 1142 683 episcopi,
1157 653 1234 673 eum
1248 642 1283 673 10
1296 642 1472 674 catholicae
1485 643 1635 675 ecclesiae
1648 655 1736 674 com-

96 691 287 722 munionem
308 691 458 732 recipere,
481 691 567 722 sicut
586 692 615 722 ei
636 691 729 723 iubeo
750 703 833 733 quae
855 698 934 724 sunt
953 695 1079 736 corpori
1102 696 1277 726 necessaria
1300 696 1492 727 ministrare.

167 743 200 775 Si
215 747 329 775 autem
345 748 453 775 vestra
468 743 628 775 catholica
651 746 812 786 sapientia
828 746 902 777 vult
918 747 1007 784 scire,
1024 758 1107 788 quae
1123 752 1237 779 contra
1253 748 1447 780 catholicam
1465 748 1561 780 fidem
1578 760 1619 779 ex
1634 749 1736 780 veteri

93 797 214 829 haeresi
229 797 546 828 Praedestinatianac
563 816 606 820 ἢ
625 808 708 838 quae
729 799 874 839 primum
893 800 927 830 10
940 800 1071 838 Affrica,
1093 805 1204 842 postea
1223 801 1257 832 in
1278 801 1390 832 Galliis
1411 813 1466 839 per
1485 802 1572 833 idem
1591 806 1734 843 tempus,

93 851 224 891 quando
245 854 278 881 et
297 850 508 881 Nestorianad
528 851 666 881 haeresis
686 856 736 882 est
755 856 879 889 exorta,
895 857 927 883 et
947 857 1094 894 tempore
1115 854 1289 884 caelest-ini2
1309 855 1420 892 papae³
1440 855 1542 896 ipsius
1562 859 1735 885 auctoritate

93 909 125 935 et
138 908 279 934 instantia
292 908 385 933 sancti
401 907 531 940 Prosperi
546 907 595 934 est
608 908 719 934 revicta
726 904 739 922 ’ἒ
752 924 794 927 —
808 905 910 936 dicere
924 907 1084 943 videatur,
1100 907 1138 938 de
1156 907 1269 938 multis
1284 918 1387 948 pauca
1402 908 1493 938 vobis
1514 919 1660 945 numero,
1681 908 1735 939 sed

94 968 161 988 non
182 957 332 998 pondere,
353 960 535 994 capitulatim
556 956 785 998 significamus.

164 1010 275 1041 Dicit⁵
290 1029 334 1032 —
351 1010 439 1051 quod
458 1014 490 1041 et
509 1014 633 1041 veteres
653 1010 945 1042 Praedestinatiani
965 1012 1119 1043 dixerunt
1135 1031 1188 1048 ——‚
1209 1013 1366 1054 quoniam
1384 1017 1460 1043 sicut
1479 1017 1556 1042 Deus
1575 1013 1735 1054 quosdam

92 1067 129 1094 ad
153 1068 246 1094 vitam
274 1070 447 1098 aeternam⁹‚
476 1063 522 1094 ita
546 1063 705 1104 quosdam
735 1068 963 1101 praedestinavit
991 1069 1027 1094 ad
1057 1072 1177 1095 mortem
1205 1070 1382 1097 aeternam.
1412 1066 1501 1097 Dicit
1520 1085 1565 1088 —
1586 1067 1674 1107 quod
1702 1070 1735 1097 et

91 1120 214 1148 veteres
241 1116 532 1148 Praedestinatiani
555 1116 710 1147 dixerunt
730 1136 782 1152 —-‚
801 1118 957 1157 quoniam
981 1118 1059 1147 non‘3
1084 1122 1146 1148 vult
1170 1123 1247 1148 Deus
1271 1131 1369 1148 omnes
1394 1122 1522 1148 homines
1545 1122 1639 1148 salvos
1663 1123 1733 1153 fieri,

91 1173 140 1199 sed
158 1176 273 1200 tantum
290 1182 348 1203 eos,
377 1175 425 1207 qui
443 1173 605 1201 salvanturz
632 1171 749 1199 omnesT
770 1177 867 1200 autem
885 1174 1000 1204 salvari,
1027 1175 1236 1209 quoscumquer
1261 1177 1321 1208 ipse
1346 1175 1455 1202 salvare
1480 1175 1612 1206 voluerit,
1635 1185 1668 1202 30
1686 1184 1736 1209 per

92 1226 144 1253 hoc
163 1227 333 1261 quicumque
353 1235 409 1253 non
428 1226 577 1253 salvantur
596 1228 710 1260 penitus
731 1236 787 1252 non
806 1236 865 1253 esse
886 1227 1043 1253 voluntatis
1062 1228 1146 1259 illius,
1165 1231 1197 1254 ut
1215 1228 1369 1254 salventur.
1398 1225 1588 1262 Quoniamss,
1616 1225 1643 1256 Si
1669 1236 1735 1256 non

91 1287 203 1307 omnes
228 1276 407 1311 salvantur,
433 1287 514 1317 quos
538 1275 611 1307 vult
632 1277 719 1307 Deus
741 1276 846 1308 salvos
869 1276 946 1314 fieri,
974 1288 1038 1307 non
1062 1278 1172 1308 omnia
1196 1288 1420 1319 quaecumque
1445 1278 1551 1309 voluit
1576 1278 1661 1309 fecit.
1690 1278 1734 1309 Et

92 1329 118 1360 si
135 1329 209 1360 vult
226 1330 312 1370 quod
334 1341 399 1360 non
419 1333 537 1370 potest,
566 1340 631 1360 non
649 1330 867 1371 omnipotens,
895 1330 949 1360 sed
967 1329 1116 1361 infirmus
1140 1334 1198 1361 est.
1226 1331 1299 1360 Est⁸
1326 1334 1438 1361 autem
1465 1335 1656 1368 omnipotens,
1685 1336 1733 1368 qui

91 1386 160 1412 fecit
181 1395 374 1420 quaecumque
397 1387 498 1417 voluit,
520 1383 654 1412 dicentess
676 1383 850 1423 scriptura:
878 1383 995 1413 ‘Omnia
1020 1395 1213 1421 quaecumque
1237 1387 1327 1413 voluit
1349 1388 1488 1413 Dominus
1511 1388 1582 1414 fecit
1603 1389 1633 1413 in
1656 1387 1733 1414 03010

91 1442 121 1466 et
138 1441 168 1465 in
187 1443 272 1471 terra,
290 1440 320 1466 in
337 1440 426 1466 marih
444 1442 474 1465 et
492 1441 521 1465 in
541 1439 674 1465 omnibus
691 1437 830 1473 abyssis’3
850 1440 883 1466 et
900 1437 994 1467 item:
1014 1436 1067 1467 ‘In
1080 1436 1251 1468 voluntate
1268 1441 1337 1473 tua,
1354 1437 1503 1474 Domine,
1519 1441 1639 1468 cuncta
1653 1441 1733 1468 sunt

94 1490 209 1530 posita,
237 1494 270 1520 et
291 1501 357 1521 000
377 1494 426 1520 est
445 1490 514 1530 qui¹
536 1489 637 1530 possit
657 1493 751 1520 tuaek
772 1490 933 1520 resisterek
953 1489 1127 1521 voluntati.
1155 1489 1188 1520 Si
1207 1490 1382 1521 decreveris
1410 1502 1467 1521 nos
1492 1490 1632 1527 salvari¹‚
1659 1501 1732 1521 0011-

93 1543 186 1574 tinuo
210 1542 442 1574 liberabimur?
466 1542 588 1574 Dicit¹⁰
608 1561 651 1564 —
674 1543 761 1583 quod
784 1546 817 1573 et
838 1547 960 1573 veteres
987 1542 1278 1574 Praedestinatiani
1300 1543 1455 1574 dixerunt
1476 1562 1528 1580 —‚
1558 1543 1645 1584 quod
1668 1554 1733 1574 non

93 1606 149 1637 pro
171 1597 274 1627 totius
298 1597 413 1627 mundi
436 1596 669 1637 redemptione,
694 1596 725 1627 id
748 1600 797 1627 est
820 1606 885 1626 1100
908 1602 994 1637 prom
1013 1596 1163 1627 omnium
1185 1596 1358 1627 hominum
1393 1595 1496 1628 salute
1525 1600 1558 1627 et
1586 1596 1732 1638 redemp-

93 1649 190 1687 tione,
217 1650 370 1681 dominus
398 1654 431 1680 et
457 1649 598 1680 salvator
626 1653 734 1680 noster
761 1649 850 1680 Iesus
872 1649 1016 1680 Christus
1035 1649 1077 1679 sit
1097 1648 1273 1680 crucifixus
1292 1653 1325 1680 et
1346 1653 1505 1686 mortuus,
1525 1649 1579 1680 sed
1598 1653 1733 1680 tantum

94 1713 149 1744 pro
168 1703 228 1740 his,
249 1703 306 1744 qui
326 1702 504 1734 salvantur.
534 1703 622 1733 Dicit
642 1713 773 1743 quoquo
795 1702 888 1733 modo
910 1702 1030 1742 dispari
1044 1702 1228 1739 traditione,
1249 1702 1303 1733 sed
1318 1702 1388 1743 pari
1401 1713 1504 1733 errore
1523 1721 1568 1725 —
1593 1702 1681 1742 quod
1700 1706 1734 1733 et

92 1759 212 1786 veteres
235 1756 526 1787 Praedestinatiani
545 1756 699 1786 dixerunt
715 1774 768 1789 —,
793 1755 968 1792 exponens11
987 1759 1159 1784 sententiam
1178 1759 1299 1792 apostoli
1319 1759 1395 1784 Petri
1413 1755 1519 1789 ‘eumss‚
1542 1758 1614 1792 quin
1638 1758 1733 1784 emit¹¹

91 1821 147 1843 eos,
167 1813 319 1840 Dominum
340 1810 500 1846 negantes':
530 1813 682 1846 Baptismi,
708 1813 812 1846 inquit,
830 1816 1008 1838 sacramento
1026 1820 1073 1837 eos
1091 1813 1173 1841 emit,
1192 1821 1248 1837 non
1268 1814 1366 1838 tamen
1385 1820 1436 1845 pro
1453 1813 1494 1837 eis
1514 1820 1625 1838 crucem
1643 1811 1734 1838 subiit

91 1874 180 1900 neque
196 1870 317 1892 mortem
330 1866 449 1900 pertulit
461 1875 551 1900 neque
565 1867 733 1899 sanguinem
746 1865 830 1892 fudit.
856 1865 936 1896 Quod
950 1868 1047 1891 autem
1062 1865 1198 1898 baptismi
1212 1865 1357 1898 perceptio
1370 1865 1529 1898 redemptio
1543 1868 1732 1898 nuncupatur,

91 1919 190 1946 doctor
204 1920 334 1953 gentium
352 1919 500 1946 manifeste
517 1919 638 1946 fatetur:
655 1916 763 1945 ‘Nolite
781 1916 982 1948 contristariff,
997 1919 1102 1951 inquit,
1119 1914 1265 1951 ‘spiritum
1280 1920 1412 1944 sanctum
1429 1918 1491 1948 Dei,
1506 1918 1536 1943 in
1553 1926 1609 1951 quo
1624 1918 1731 1951 signati

90 1973 158 1999 estis
175 1973 206 1998 in
225 1973 270 1998 die
289 1969 515 2007 redemptionis?
537 1969 607 1998 At¹²
622 1972 678 2003 illa,
694 1981 765 2006 quae
786 1972 899 2006 propria
917 1974 948 1997 et
965 1971 1095 2005 specialis
1113 1974 1157 1997 est
1175 1971 1298 1997 solorum
1317 1971 1445 1997 omnium
1463 1971 1626 2000 electorum,
1647 1979 1733 2004 quam

89 2026 130 2052 eis
149 2026 349 2052 tantummodo
369 2026 519 2053 crucifixus
537 2026 700 2060 impertivit
719 2027 781 2059 pius
799 2025 962 2058 redemptor
978 2025 1115 2058 ipsorum,
1133 2025 1208 2050 sicut
1227 2034 1244 2050 a
1263 2024 1434 2057 praeteritis,
1453 2024 1495 2050 ita
1514 2024 1649 2049 nimirum
1667 2027 1698 2049 et
1716 2033 1733 2050 a

91 2080 288 2113 praesentibus
310 2085 392 2106 natos
412 2084 443 2105 et
462 2080 631 2106 nascituros.
654 2080 735 2105 vivos
759 2081 790 2104 et
810 2081 943 2108 mortuos,
973 2077 1107 2103 videlicet
1127 2085 1224 2103 omnes
1247 2077 1353 2110 pariter
1372 2077 1485 2105 electos,
1506 2077 1638 2106 redemit,
1659 2077 1735 2103 eruit

92 2132 237 2166 abluitque
264 2134 396 2166 peccatis.
424 2133 484 2166 Ipsi
510 2141 633 2166 prorsus,
658 2133 713 2165 ipsi
738 2134 805 2157 sunt
832 2131 962 2161 1111101100,
989 2139 1039 2164 pro
1066 2138 1121 2163 quo
1147 2139 1247 2163 passus
1264 2133 1309 2155 est
1329 2130 1477 2157 Dominus.
1504 2133 1537 2155 ut
1554 2130 1613 2163 ipse
1639 2129 1728 2155 dixit:

178 2283 202 2311 Β)
216 2288 379 2304 commonere
393 2282 416 2305 2.
505 2279 529 2309 b)
543 2280 699 2303 clamatione
715 2278 753 2302 lb.
843 2280 865 2307 0)
878 2278 1055 2308 predestinata
1068 2275 1107 2300 1b.
1192 2275 1217 2305 d)
1231 2276 1387 2300 Hestoriana
1400 2278 1423 2300 1.
1508 2278 1531 2305 e)
1543 2276 1623 2299 etiam
1635 2282 1696 2300 nam
1710 2277 1733 2299 1.

97 2323 116 2355 ¹)
130 2324 178 2355 Vql.
191 2325 239 2348 SS.
253 2325 337 2351 XIII,
350 2326 399 2349 500
410 2325 438 2348 Z.
450 2325 481 2349 54
494 2324 549 2348 Var.
565 2333 588 2348 1.
660 2327 682 2353 g)
695 2328 719 2346 ct
736 2325 757 2346 1.
844 2322 867 2351 ι1)
881 2329 950 2345 mare
963 2322 986 2346 2.
1072 2319 1091 2350 ¹)
1107 2320 1178 2344 Fehlt
1191 2322 1213 2344 1.
1300 2319 1326 2350 k)
1338 2321 1454 2343 resistere
1467 2322 1527 2343 tuae
1540 2321 1563 2344 2.
1648 2317 1666 2349 l)
1683 2318 1734 2350 Vql.

94 2369 142 2393 SS.
159 2369 244 2395 XIII,
261 2370 308 2393 501
326 2369 354 2392 Z.
366 2369 398 2393 53
414 2369 469 2392 Var.
488 2369 511 2393 d.
598 2369 631 2398 m)
647 2367 716 2391 Fclzlt
734 2366 772 2390 1¹¹.
864 2368 888 2395 ¹²)
904 2366 966 2390 emit
983 2372 1043 2388 eum
1059 2365 1130 2396 quod
1144 2365 1207 2388 emit
1225 2366 1247 2388 1.
1332 2367 1355 2393 ⁰)
1372 2365 1524 2388 contristare
1540 2364 1564 2388 3.

187 2476 213 2506 l)
240 2474 318 2506 Brief
342 2483 376 2499 αη
404 2475 535 2500 Kaiseriu
565 2474 717 2501 Pulcheria.
744 2471 896 2497 Hinschz'as
920 2471 947 2495 S.
962 2471 1013 2496 571
1034 2470 1129 2502 (J.-K.
1149 2469 1226 2502 4⁴25).
1322 2470 1349 2500 2)
1372 2469 1446 2494 Gan:
1470 2468 1578 2494 iilznlich
1596 2468 1734 2493 Hinkmar

95 2518 125 2544 in
147 2519 198 2544 ‘De
222 2519 484 2552 praedestinatione&
510 2519 605 2550 Miqne
630 2518 690 2545 125,
709 2517 769 2542 298.
795 2516 854 2541 394.
980 2515 1007 2545 3)
1026 2514 1187 2539 422—432.
1310 2515 1338 2545 4)
1359 2513 1414 2546 Vql.
1439 2513 1508 2538 auch
1530 2513 1595 2537 oben
1618 2513 1667 2537 Nr.
1681 2512 1733 2537 136

95 2562 124 2588 S.
139 2563 198 2589 104.
294 2565 321 2595 5)
338 2563 394 2596 I'ql.
411 2563 576 2589 Gottschallcs
594 2560 887 2588 Glaubensbek-emztnis
906 2559 936 2584 in
954 2559 1106 2584 Hinkmars
1124 2558 1175 2583 ‘De
1195 2557 1457 2591 praedestinatione’,
1478 2557 1574 2590 Miqne
1590 2557 1651 2584 125.
1673 2556 1731 2588 89f.

97 2607 124 2639 6)
144 2607 172 2633 S.
194 2607 258 2632 oben
276 2607 325 2632 ΝΤ.
341 2608 374 2633 43
395 2608 422 2632 S.
438 2608 470 2632 27
494 2607 549 2632 und
566 2608 599 2632 A.
614 2607 638 2631 ¹2.
733 2607 759 2635 7)
781 2606 840 2630 Ait-s
860 2603 919 2629 clem
938 2603 1014 2634 Brv'ef
1033 2602 1079 2627 des
1097 2602 1264 2627 Prudentius
1279 2610 1314 2626 αη
1332 2602 1442 2631 Wenilo,
1461 2601 1557 2634 11119πο
1574 2601 1634 2628 115.
1653 2600 1732 2629 1367,

98 2650 138 2677 bei
161 2652 307 2679 Hinlcmur.
332 2652 372 2677 De
396 2651 649 2685 pradestinatione,
675 2650 769 2682 Mique
793 2649 853 2677 1:25,
878 2648 937 2672 ¹311.
980 2647 1034 2679 syl.
1059 2646 1128 2672 auch
1151 2646 1246 2678 Miqne
1270 2646 1331 2673 125.
1356 2645 1415 2671 449.
1441 2645 1501 2670 452.
1627 2646 1653 2675 8)
1676 2644 1731 2677 Vql.

96 2695 243 2725 Hinlcmar,
270 2696 310 2721 De
336 2696 588 2729 praedestinatione.
622 2695 716 2727 Miyne
742 2694 802 2720 125,
829 2693 888 2717 215.
1042 2692 1068 2721 9)
1092 2690 1146 2723 Vql.
1173 2690 1221 2715 den
1252 2690 1328 2721 Bries
1352 2690 1397 2715 des
1424 2689 1591 2714 Prudentius
1615 2697 1639 2713 α.
1659 2697 1682 2713 (ι.
1701 2688 1731 2714 Ο.

99 2740 133 2772 (ε.
154 2740 216 2765 oben
238 2741 271 2765 A.
288 2740 327 2773 7).
440 2741 482 2771 10)
500 2740 555 2772 syl.
576 2740 637 2764 oben
660 2739 709 2764 Nr.
724 2739 758 2763 4⁸
776 2737 804 2762 S.
820 2737 850 2762 27
870 2736 899 2760 Ζ.
914 2735 953 2767 Sl.
1065 2735 1107 2766 ll)
1125 2734 1276 2760 Gottschalk
1294 2742 1331 2759 an
1352 2734 1447 2759 Raban
1467 2733 1507 2758 bei
1526 2733 1672 2762 Hinkmar,
1692 2732 1733 2757 De

96 2784 346 2817 praedestinatione,
362 2785 456 2816 ,Hique
470 2784 531 2811 1⁴25,
546 2784 605 2809 365.
621 2784 681 2808 370.
697 2783 756 2807 291.
853 2780 895 2811 12)
915 2780 952 2805 At
969 2779 1143 2804 illa—erucis
1161 2781 1226 2804 tuae
1249 2778 1345 2810 (umen
1364 2778 1391 2803 S.
1407 2777 1459 2802 162
1474 2777 1503 2802 Ζ.
1518 2777 1566 2809 5);
1583 2776 1732 2802 Gottsclzalk

94 2827 134 2853 bei
152 2829 298 2858 Hinkmar,
316 2828 355 2853 De
373 2828 624 2861 praedestinatione,
644 2827 738 2859 Μίρηε
756 2826 816 2855 125,
834 2824 909 2856 3711.
935 2823 990 2855 Vyl.
1008 2822 1076 2848 arnoli
1093 2822 1190 2848 ebenda
1208 2822 1269 2852 125,
1287 2822 1347 2847 291.

182 2877 348 2902 EPISTOLAE
360 2876 444 2903 VIII.
1488 2870 1521 2894 21

1764 324 1836 353 864.

1750 367 1796 389 Tit.
1807 370 1828 394 3,
1838 370 1871 391 10.
1884 371 1917 390 11.

1748 1126 1946 1153 Vg1.1.Tim.2‚4.

1749 1391 1785 1411 ΡΞ.
1796 1392 1846 1417 134,
1856 1392 1876 1411 6.

1746 1443 1796 1465 Eat.
1808 1445 1843 1468 13,
1853 1445 1874 1464 9.

1747 1762 1768 1781 2.
1781 1761 1841 1782 Petr.
1852 1762 1872 1785 2,
1884 1763 1904 1781 1.

1746 1920 1807 1944 Eph.
1817 1921 1837 1945 4,
1849 1920 1883 1940 30.
