2220 3192
44 789 72 809 10

45 1055 72 1074 1⁶

47 1319 74 1339 20

44 1585 72 1606 25

45 1851 72 1872 ³0

45 2117 72 2138 3⁶

49 2414 76 2434 40

47 2634 73 2652 45

660 211 847 237 HINKMAR
866 211 944 238 VON
965 211 1085 238 REIMS
1107 213 1167 238 169.
1675 209 1734 238 149

95 298 183 331 illius
202 298 343 335 obtinui,
366 302 403 328 ut
426 310 527 330 unam
546 299 733 331 abbatiam1
752 300 845 332 valde
865 300 987 332 bonam
1007 301 1036 332 ei
1056 301 1197 331 domnus
1218 311 1275 331 rex
1295 304 1328 331 et
1347 300 1492 341 episcopi
1511 300 1735 331 consentirent

95 356 128 384 et
142 362 254 383 omnes
269 362 327 382 nos
342 350 388 382 illi
404 351 489 382 sicut
505 353 590 393 patri
604 353 642 383 de
659 354 777 384 nostris
791 353 967 395 impendiis
981 354 1185 390 serviremus,
1200 353 1359 394 quatinus
1373 353 1430 394 qui
1445 353 1480 384 in
1494 352 1616 384 deliciis
1631 353 1737 383 vitam

95 416 221 446 semper
238 405 453 446 perduxerat³
470 415 535 435 non
552 405 764 446 frangeretur,
781 410 916 438 tantum
935 411 972 437 ut
987 407 1159 438 seditiosus
1175 410 1209 437 et
1226 405 1382 437 molestus
1398 405 1560 443 ecclesiae,
1576 406 1629 437 cui
1647 416 1737 447 prae-

98 459 215 495 fuerat,
234 468 300 488 esse
320 468 385 488 non
402 457 591 488 decertaret.
618 459 711 495 Quod
730 460 875 500 primum
890 460 1023 500 quidem
1040 460 1219 501 adquievit.
1240 458 1312 496 Sed,
1340 463 1378 490 ut
1401 459 1517 490 dicunt
1534 459 1591 500 qui
1609 459 1668 490 hoc
1686 461 1738 490 seb

95 511 194 543 scireb
215 514 391 547 testantur,
406 510 542 551 quidam
557 511 785 553 episcoporum
799 513 888 553 regni
900 511 1084 544 Hlotharii2
1104 512 1171 543 zelo
1192 523 1303 543 amaro
1323 516 1437 543 contra
1459 523 1516 543 nos
1537 512 1639 549 ducti,
1661 511 1738 553 quia

95 563 248 596 illorum⁰
274 562 415 594 consiliis
435 563 473 594 de
493 563 665 595 Waldrada
686 575 751 595 non
771 565 1030 606 adquievimus3,
1050 570 1083 596 et
1102 566 1203 596 etiam
1223 565 1324 606 aliqui
1343 566 1382 596 de
1404 564 1588 602 Germania,
1611 569 1648 596 ut
1667 565 1738 606 qui-

94 618 173 650 dam
183 617 309 653 dicunt,
321 616 381 647 add
396 616 597 647 Hludouuici
609 617 658 648 sui
672 618 750 658 regis
760 616 774 636 4
785 619 999 655 suasionem0,
1011 619 1169 660 quoniam
1184 629 1261 649 cum
1273 629 1309 649 eo
1323 629 1388 649 non
1400 618 1460 649 feci
1472 619 1557 649 sicut
1568 618 1738 649 Rothadus

96 671 131 702 in
152 670 261 702 fratris
282 669 354 700 sui5
374 669 412 700 de
435 680 530 710 regno
552 669 741 710 expulsione
752 671 776 707 ⁶,
794 676 1025 712 persuaserunt
1045 672 1150 702 eidem
1164 671 1325 708 Rothadc»,
1343 676 1380 702 ut
1401 682 1467 702 non
1488 682 1520 702 se
1541 682 1560 702 a
1581 671 1738 702 seditione

97 723 256 756 movenda
283 723 488 753 concrederet
508 726 540 753 et
567 722 630 763 ipsi
650 724 739 764 apud
759 734 816 754 vos
836 724 1032 761 obtinerent,
1056 728 1092 755 ut
1113 724 1369 756 restitueretur7.
1390 724 1485 755 Nunc
1506 728 1632 761 autem,
1654 724 1739 755 sicut

95 776 246 813 iussistis,
264 776 305 806 ad
322 779 467 806 vestram
485 777 704 817 praesentiam
722 781 755 807 et
772 777 1019 818 dispositionem
1038 777 1132 808 illum
1151 777 1284 819 perduci
1300 777 1390 818 apud
1407 778 1569 808 domnum
1588 781 1739 808 nostrum

98 841 205 871 regem
221 829 326 860 filium
340 833 488 859 vestrum
502 828 718 866 obtinuimus,
734 830 911 867 credentes,
927 831 1003 871 quia
1018 831 1105 871 quod
1120 831 1262 861 Domino
1278 830 1352 861 inde
1369 829 1560 871 placabilius
1575 831 1636 861 erit
1650 830 1739 861 cordi

94 887 202 914 vestro
224 882 382 924 inspirare
403 881 617 923 dignabiturf.

185 936 232 967 De
253 945 317 976 quo
338 935 415 976 quia
436 934 668 976 benignissima
688 935 834 976 dignatio
855 940 962 966 vestra
985 936 1063 966 mihi
1084 947 1174 966 servo
1195 939 1302 966 vestro
1325 947 1381 977 per
1402 936 1585 966 Liudonem
1605 936 1739 976 dignata

96 994 145 1021 est
155 988 288 1020 scribere
299 988 322 1025 ⁸,
336 992 374 1019 ut
384 988 497 1019 iuncto
511 988 590 1019 mihi
601 988 724 1029 integro
736 988 866 1029 collegio
879 989 1019 1020 fratrum
1031 989 1211 1019 secundum
1224 989 1359 1019 modum
1370 988 1510 1020 ibidemg
1519 989 1740 1030 descriptumss

96 1046 203 1074 vestra
219 1041 397 1083 apostolica
412 1052 548 1072 censura
566 1042 667 1072 fretus
682 1042 847 1072 studerem
863 1041 957 1072 illum
974 1042 1111 1083 pristino
1127 1042 1342 1083 redintegrare
1358 1042 1508 1072 decenter
1523 1041 1641 1078 officio,
1658 1042 1740 1072 sciat

97 1095 357 1127 reverentissima
375 1099 408 1126 et
425 1095 651 1125 amantissime
669 1094 802 1126 colenda
820 1095 1008 1126 dulcissima
1026 1100 1133 1126 vestra
1153 1095 1333 1136 paternitas
1350 1095 1428 1125 hoch
1448 1105 1499 1125 me
1516 1105 1607 1135 agere
1628 1095 1739 1135 nequi-

96 1149 179 1181 visse
196 1160 253 1190 pro
269 1149 330 1185 his,
346 1159 429 1189 quae
445 1148 659 1179 continentur
674 1148 709 1178 in
725 1147 874 1179 subditis.
892 1147 1048 1179 Videlicet
1063 1148 1140 1189 quia
1155 1159 1233 1179 cum
1250 1147 1366 1179 litteris
1382 1148 1423 1178 ad
1438 1151 1583 1178 vestram
1598 1148 1739 1178 auctori-

97 1207 202 1234 tatem
224 1202 405 1233 deserendis
428 1201 515 1232 idem
538 1201 709 1232 Rothadus
733 1201 798 1231 iam
821 1202 1015 1232 commissus
1038 1205 1107 1232 erat
1130 1201 1185 1238 eis,
1209 1201 1266 1242 qui
1289 1201 1330 1232 ad
1352 1205 1497 1231 vestram
1521 1201 1740 1242 praesentiam

97 1255 192 1287 illum
209 1256 421 1291 deducerent;
439 1259 472 1285 et
492 1255 570 1285 mihi
589 1265 654 1284 non
671 1258 741 1284 erat
759 1253 909 1295 possibile
928 1255 1091 1295 integrum
1109 1254 1249 1285 fratrum
1266 1253 1438 1294 collegium
1454 1264 1642 1290 convocare,
1660 1264 1740 1294 quo-

99 1310 200 1346 niam,
217 1312 254 1339 ut
272 1307 392 1350 supra⁹
407 1308 531 1349 scripsi,
548 1319 566 1338 a
581 1308 698 1338 diocesi
715 1312 824 1337 nostra
843 1307 969 1348 longius
987 1318 1075 1338 eram
1094 1311 1239 1338 remotus
1257 1307 1292 1338 in
1311 1306 1368 1338 filii
1382 1307 1500 1338 vestrii
1519 1307 1617 1347 regis¹
1638 1307 1740 1338 nostri

97 1362 244 1399 servitio;
269 1366 303 1392 et
327 1361 485 1402 quoniam
504 1361 572 1391 sine
592 1360 722 1392 illorum
742 1361 871 1397 iudicio,
891 1361 947 1401 qui
966 1361 1001 1391 in
1019 1361 1088 1391 eius
1106 1360 1308 1401 depositione
1328 1361 1459 1391 fuerant
1477 1364 1510 1391 et
1527 1359 1646 1401 quibus
1664 1360 1739 1391 inde

97 1413 313 1457 scripsistis¹⁰,
330 1415 458 1445 restitui
477 1414 666 1455 regulariter
686 1425 749 1444 non
765 1413 894 1444 valebat
912 1418 945 1444 et
959 1413 1101 1454 episcopi
1119 1413 1277 1444 aliarum*
1296 1413 1538 1454 provinciarum
1557 1423 1613 1454 per
1633 1423 1740 1444 meam

97 1468 365 1500 convocationem
385 1468 420 1498 in
442 1467 555 1498 multis
575 1468 727 1508 occupati
748 1467 931 1507 congregari
955 1478 1018 1497 non
1040 1471 1202 1508 poterant.
1225 1465 1287 1497 Sed
1307 1470 1340 1497 et
1359 1467 1541 1507 coepiscopi
1560 1466 1741 1497 Remorum

98 1522 281 1564 provinciae
304 1521 344 1552 ab
367 1521 438 1562 ipsa
457 1520 614 1558 sinodo¹1‚
636 1521 670 1551 in
688 1531 753 1561 qua
772 1520 945 1561 epistolam
969 1520 1154 1550 sanctitatis
1176 1524 1301 1550 vestrae
1323 1519 1522 1556 audivimus,
1545 1530 1643 1550 causa
1665 1519 1740 1550 resi-

96 1576 203 1607 stendi
224 1575 424 1606 Normannis
445 1575 486 1605 ad
509 1585 584 1605 suas
607 1574 696 1605 sedes
719 1574 871 1604 festinare
895 1577 1154 1604 maturaverunt.
1180 1573 1280 1604 Pauci
1302 1573 1404 1603 etiam
1427 1582 1562 1603 numero
1584 1572 1740 1613 episcopi,

96 1629 154 1670 qui
176 1639 305 1660 mecum
327 1629 361 1659 in
384 1627 442 1659 filii
462 1628 562 1658 vestri
584 1628 665 1668 regis
688 1627 789 1658 nostri
810 1631 904 1657 erant
924 1626 1088 1667 obsequiO,
1109 1637 1186 1656 cum
1207 1626 1252 1656 eis
1272 1625 1486 1666 benignitatis
1506 1629 1632 1656 vestrae
1652 1636 1739 1656 com-

98 1682 342 1713 mendationem
360 1681 398 1712 de
415 1680 566 1712 Rothado
584 1680 690 1721 relegi,
710 1681 947 1721 responderunt
966 1691 1030 1710 non
1049 1690 1081 1710 se
1099 1680 1177 1710 scire
1194 1679 1296 1710 talem
1312 1679 1419 1709 vitam
1435 1682 1535 1719 atque
1552 1677 1740 1719 intellegen-

96 1736 180 1767 tiam
200 1735 329 1776 taleque
349 1735 499 1765 studium
520 1735 601 1765 sacri
624 1733 794 1765 ministerii
816 1734 849 1764 in
870 1744 906 1763 eo
928 1733 1036 1769 fuisse,
1060 1736 1097 1762 ut
1116 1733 1150 1763 in
1170 1732 1228 1762 1100
1249 1743 1281 1762 50
1304 1732 1435 1762 miscere
1455 1732 1623 1768 auderent,
1646 1742 1740 1772 prae-

97 1789 210 1820 sertim
230 1799 307 1820 cum
328 1789 366 1825 is,
388 1788 445 1829 qui
466 1792 563 1818 antea
584 1787 730 1828 aliquam
752 1787 968 1817 reverentiam
988 1787 1026 1817 de
1047 1785 1225 1816 deiectione
1246 1795 1305 1815 sua
1326 1784 1466 1815 habebat
1486 1789 1520 1816 et
1540 1795 1667 1826 semper
1687 1784 1740 1815 in-

97 1842 270 1873 oboediens
294 1846 328 1873 et
353 1841 450 1872 sacris
475 1841 593 1882 regulis
618 1845 651 1871 et
676 1841 779 1881 regiae
805 1840 959 1880 dignitati
985 1844 1018 1870 et
1044 1837 1297 1879 metropolitano
1324 1837 1491 1879 privilegio
1508 1838 1625 1874 fuerat,
1653 1848 1740 1868 nunc

95 1895 288 1927 effrenatius
313 1895 355 1925 ad
382 1893 565 1926 multorum
592 1893 718 1925 malum
742 1892 935 1933 exemplum
961 1896 994 1922 et
1020 1891 1238 1932 plurimorum
1262 1890 1523 1922 benivolentium
1549 1889 1741 1921 scandalum

96 1948 257 1980 desaevire
270 1952 303 1979 et
318 1947 540 1988 neglegentius
552 1952 651 1988 atque
666 1947 891 1988 901111010511151
904 1946 1011 1976 vivere
1024 1944 1253 1975 voluntatibus
1267 1944 1333 1974 suis
1346 1944 1487 1974 serviens
1500 1954 1577 1974 cum
1590 1943 1740 1974 libertate

97 2002 237 2033 deberet.

186 2055 233 2085 De
256 2066 293 2085 eo
316 2058 438 2090 autem,
458 2054 546 2094 quod
568 2053 754 2094 benignitas
777 2052 879 2083 animi
898 2051 998 2081 vestri
1023 2061 1161 2091 pensans
1186 2060 1252 2080 non
1273 2048 1453 2086 beluinum,
1478 2049 1533 2080 sed
1555 2049 1740 2080 humanum

96 2108 237 2139 hominis
257 2108 408 2138 animum
429 2107 558 2148 scripsit
578 2105 734 2138 dicensl²z
758 2109 888 2134 Fortasse
911 2110 1061 2141 cognoscet
1074 2106 1214 2134 delictum
1232 2114 1317 2133 suum
1329 2109 1360 2131 et
1379 2114 1432 2132 sua
1450 2108 1552 2139 sponte
1572 2106 1602 2131 in
1620 2105 1740 2136 iudicio,

98 2173 154 2199 quo
174 2165 318 2191 iudicatus
336 2167 390 2195 est,
409 2172 588 2198 perseverare
608 2163 747 2196 deligetm.
778 2161 857 2193 Quod
880 2162 903 2186 si
927 2161 1036 2190 fecerit,
1056 2160 1132 2194 apud
1154 2167 1249 2193 regem
1272 2159 1411 2185 Karolum
1434 2174 1469 2177 —
1491 2155 1740 2186 dilectissimum

180 2252 203 2279 ³)
222 2250 332 2273 duxerat
352 2251 374 2273 1.
461 2248 485 2278 b)
503 2250 566 2272 scire
584 2256 610 2272 se
629 2247 668 2271 10.
752 2250 774 2275 ⁰)
793 2254 881 2270 eorum
900 2245 939 2270 1¹³.
1031 2244 1056 2275 d)
1074 2238 1158 2269 a'dhuc
1176 2246 1200 2269 2.
1299 2247 1322 2274 e)
1341 2245 1498 2268 suessionem
1517 2245 1540 2268 2.
1632 2242 1651 2273 ἴ)
1671 2243 1739 2267 vide-

98 2293 168 2318 bitur
186 2295 209 2318 2.
318 2296 341 2323 8)
360 2293 394 2317 ibi
413 2293 506 2317 deinde
524 2294 649 2323 scriptum
668 2294 691 2316 2.
799 2290 824 2319 ¹¹)
844 2292 888 2314 hec
909 2293 930 2314 1.
1038 2287 1058 2318 ι)
1077 2290 1156 2313 vestri
1180 2290 1245 2320 regis
1270 2288 1328 2319 fehlt
1348 2291 1370 2312 Ι.
1486 2287 1512 2318 k)
1534 2288 1695 2318 aliarumque
1716 2288 1740 2312 2.

99 2336 117 2368 Ῑ)
133 2339 288 2369 pernitiosus
304 2339 326 2363 1.
342 2338 365 2362 2.
451 2340 483 2367 m)
499 2337 583 2368 diligit
600 2338 622 2360 1.

192 2410 217 2440 1)
235 2408 290 2441 Vyl.
318 2407 434 2433 Rothadz·
462 2407 540 2433 libell.
565 2406 794 2440 ffloclaanationis,
824 2405 920 2437 M'iyne
943 2404 1004 2433 119,
1029 2403 1094 2429 752:
1122 2412 1208 2429 unam
1231 2403 1377 2429 abbatiam
1399 2404 1630 2436 repromittentes
1653 2405 1739 2435 atque

98 2453 278 2486 spondentes,
293 2456 407 2479 tantum
421 2455 454 2477 ut
472 2453 501 2477 in
522 2460 613 2477 ineam
634 2451 847 2476 damnationem
861 2457 912 2481 ego
925 2447 1139 2473 subscriberem.
1253 2448 1279 2479 2)
1294 2447 1336 2472 II.
1355 2447 1539 2479 (855-869).
1652 2447 1679 2478 3)
1698 2446 1740 2471 Zu

99 2497 253 2522 Hinkmars
268 2496 390 2529 Stelluny
406 2497 444 2521 i‘m
460 2496 590 2522 E'hestreit
607 2495 699 2527 Koni'y
715 2494 827 2519 Lothars
843 2493 884 2518 ΙΙ.
903 2493 951 2525 vql.
968 2492 1041 2517 aeine
1057 2491 1158 2524 Schrijt
1173 2491 1224 2517 ‘De
1239 2491 1371 2521 divortio',
1389 2491 1423 2516 M
1426 2491 1485 2523 ique
1500 2491 1562 2521 125,
1579 2491 1631 2516 623
1638 2490 1665 2524 ff.
1683 2490 1740 2515 und

99 2541 163 2566 oben
184 2541 212 2566 S.
228 2541 261 2567 76
281 2542 316 2567 A.
330 2542 354 2566 1.
478 2542 506 2572 4)
525 2540 579 2565 Des
597 2539 754 2564 [κωπήρη.
882 2538 910 2568 5)
928 2536 1013 2561 Karls
1028 2535 1074 2561 des
1090 2535 1206 2561 Kahlen.
1329 2536 1357 2566 6)
1377 2535 1437 2561 358.
1463 2535 1518 2568 Vyl.
1541 2535 1605 2560 oben
1623 2535 1673 2560 Nr.
1687 2534 1740 2560 116

99 2585 127 2610 S.
141 2586 189 2615 57;
212 2585 324 2611 Schro'rs
347 2585 375 2610 S.
389 2585 442 2610 ‘340
462 2584 519 2610 und
543 2585 576 2609 A.
597 2584 638 2609 16.
776 2584 803 2613 7)
824 2581 878 2613 Vyl.
900 2581 999 2610 Perels,
1023 2580 1114 2605 Neues
1136 2580 1237 2605 Archiv
1253 2580 1297 2609 44,
1316 2580 1358 2605 64.
1379 2579 1447 2613 6827.
1578 2580 1605 2610 8)
1628 2578 1656 2604 S.
1675 2578 1740 2604 oben

98 2629 126 2655 S.
139 2629 191 2655 145
215 2630 249 2655 A.
263 2630 287 2654 5.
419 2630 447 2660 9)
468 2629 525 2661 V9l.
549 2628 577 2653 S.
593 2628 645 2653 146
665 2627 695 2652 Ζ.
710 2626 770 2658 341.
882 2626 924 2656 10)
944 2624 1021 2656 Brief
1038 2624 1183 2650 Nikolaus'
1202 2624 1226 2649 I.
1257 2623 1306 2649 Nr.
1321 2624 1364 2654 57,
1386 2624 1450 2649 ΜΟ.
1474 2623 1562 2656 Epist.
1580 2623 1629 2653 VI,
1651 2622 1738 2656 355ff.

102 2675 145 2705 ll)
164 2673 201 2699 Ob
222 2674 265 2699 die
283 2673 428 2706 Verlesunq
441 2673 487 2698 des
501 2673 581 2698 durch
598 2672 646 2697 den
666 2672 697 2696 Β.
713 2671 770 2696 Odo
784 2678 834 2695 von
851 2669 988 2694 Beauvais
1002 2668 1189 2694 eberbrachten
1212 2668 1396 2701 Papstbrieses
1418 2668 1430 2700 (
1433 2676 1453 2693 8.
1471 2667 1536 2693 oben
1549 2667 1578 2692 S.
1592 2667 1643 2692 145
1657 2667 1691 2692 A.
1705 2666 1736 2699 5)

101 2721 151 2743 ersi
170 2718 219 2750 aus
238 2718 295 2743 dem
317 2718 418 2743 Kovzzil
437 2726 487 2742 von
504 2717 623 2743 Verberie
644 2725 699 2741 rom
718 2715 760 2740 25.
773 2714 883 2740 Oktober
900 2713 951 2738 863
974 2713 1037 2745 (vyl.
1056 2712 1167 2738 Schrers
1183 2712 1211 2738 S.
1225 2712 1293 2745 253)
1311 2712 1417 2745 ersolqte
1432 2712 1493 2737 oder
1507 2712 1569 2737 aber
1584 2711 1676 2736 bereits
1690 2711 1740 2742 aus

100 2762 172 2787 einer
186 2762 311 2795 srit'heren
327 2761 435 2794 Synode
451 2777 485 2779 —
501 2770 551 2786 von
566 2761 611 2786 der
627 2761 675 2785 wir
690 2762 762 2785 sons!
780 2758 864 2784 nichts
881 2758 975 2782 missen
991 2772 1034 2787 —,
1056 2757 1090 2782 ist
1106 2757 1178 2782 nicht
1199 2765 1232 2782 zu
1250 2756 1425 2782 entscheiden.
1540 2756 1583 2787 12)
1598 2755 1654 2788 Vql.
1674 2754 1737 2780 MG.

99 2806 186 2839 Epist.
203 2807 251 2837 VI,
270 2806 322 2832 377
340 2806 389 2831 Nr.
404 2806 437 2831 65
455 2805 512 2831 und
530 2806 563 2830 A.
578 2806 607 2835 1‚-
625 2805 687 2830 obern
707 2804 734 2829 S.
750 2803 800 2828 145
819 2803 852 2828 A.
866 2802 890 2827 5.

1761 304 1834 333 864.
