2220 3192
61 544 73 564 5

47 821 74 841 10

49 1087 74 1106 15

47 1354 74 1374 20

47 1629 73 1649 25

46 1895 74 1916 80

47 2161 74 2181 35

47 2489 75 2508 40

48 2753 74 2772 45

667 234 853 260 HINKMAR
872 234 951 261 VON
971 234 1091 261 REIMS
1114 235 1172 260 160.
1684 233 1743 262 123

101 322 242 353 eundem
256 321 390 352 Arrium
405 325 611 353 avertentem
628 333 660 353 se
675 334 694 354 a
711 323 761 354 sui
777 323 921 365 episcopi
936 324 1169 356 communione
1184 326 1284 364 atque
1301 322 1513 354 subiectione.
1537 323 1745 365 Quapropter

98 375 185 406 idem
210 373 395 406 Alexander
419 385 502 406 con.
518 399 524 405 .
540 370 655 415 .'gens⁸
679 379 793 407 contra
819 377 1008 417 praefatum
1033 388 1131 409 suum
1157 376 1375 418 presbiterum
1401 387 1458 418 pro
1485 376 1548 408 fide
1573 375 1743 414 catholica,

99 427 174 459 licet
186 427 280 459 valde
294 438 404 464 senex,
417 428 460 459 ad
472 427 560 459 idem
571 427 749 460 concilium
760 430 853 460 venit
865 433 898 460 et
912 441 1057 462 unacum
1069 429 1183 471 legatis
1195 429 1393 472 apostolicae
1407 430 1491 461 sedis
1503 433 1536 461 et
1548 430 1745 472 imperatore

99 481 204 513 eidem
222 481 344 522 synodo
365 481 528 522 praesedit
547 484 579 511 et
597 481 637 512 de
655 481 774 512 diocesi
793 492 851 513 sua
870 483 1055 524 expressius
1073 484 1236 524 quaedam
1257 483 1450 515 necessitate
1470 487 1605 525 urgente
1624 483 1745 525 exponi

96 535 130 566 in
147 535 206 566 hoc
226 533 373 576 capitulo
394 534 481 565 fecit.

187 598 217 626 2.
250 596 314 634 Qui
337 595 397 626 sub
420 606 497 626 cura
521 606 580 626 sua
604 595 727 637 primas
750 595 995 636 designatarum
1019 598 1260 638 provintiarum
1285 598 1393 640 plures
1418 597 1690 640 metropolitanos
1712 601 1745 629 et

101 660 166 680 non
182 649 339 691 primates
353 649 463 685 habet,
480 648 565 680 sicut
581 652 614 679 et
628 648 853 679 Anthiocenus
868 649 1052 691 episcopus,
1068 651 1137 691 qui,
1155 654 1192 681 ut
1208 651 1242 682 in
1258 651 1357 691 gestis
1373 652 1489 692 synodi
1505 650 1746 683 calcidonensis

99 702 312 739 ostenditurl,
333 703 368 733 in
387 702 505 734 diocesi
526 713 585 733 sua
604 702 687 733 duas
707 701 840 733 Fenices
860 705 893 733 et
911 702 1067 734 Arabiam
1086 707 1187 744 atque
1206 708 1273 734 tres
1293 704 1476 736 Palestinas
1495 715 1573 736 cum
1594 704 1745 746 plurimis

100 755 362 797 metropolitanis
380 756 504 797 primas
520 756 640 786 horum
656 755 809 786 omnium
826 755 935 786 habet.
962 755 1058 787 Unde
1076 756 1290 787 Innocentius
1307 758 1349 788 ad
1364 757 1592 789 Alexandrum
1607 758 1744 789 Anthio-

96 812 234 840 cenumb
249 810 442 850 episcopum
457 808 569 840 scribit
584 807 727 839 dicens²:
745 811 938 838 Revolventes
953 813 1051 846 itaque
1066 814 1269 839 auctoritatem
1285 813 1428 841 Nichenae
1443 814 1555 848 synodi,
1571 823 1642 848 quae
1658 823 1745 841 unam

98 866 226 893 omnium
239 874 289 900 per
303 866 400 892 orbem
414 870 555 893 terrarum
570 869 695 891 mentem
708 865 835 899 explicat
848 865 1040 895 sacerdotum,
1055 874 1127 899 quae
1142 867 1252 892 censuit
1265 866 1299 892 de
1314 854 1622 894 Anthiocena'ecclesia
1636 869 1745 894 cunctis

97 919 237 949 fidelibus,
257 928 291 945 ne
311 920 432 945 dixerim
451 919 656 949 sacerdotibus,
675 927 735 945 esse
755 919 945 945 necessarium
965 919 1117 949 custodire,
1137 927 1194 952 qua
1212 928 1296 952 super
1315 921 1449 946 diocesim
1469 930 1549 947 suam
1569 921 1746 954 praedictam

97 973 253 1003 ecclesiam,
271 981 329 998 non
347 981 430 1006 super
447 968 567 1000 aliamss
584 972 710 1006 aliquam
729 972 904 1005 provintiam
922 972 1148 1005 recognoscimus
1167 973 1364 999 constitutam.
1394 973 1476 999 Unde
1495 974 1671 1000 advertimus
1688 983 1746 1000 non

97 1029 158 1052 tam
178 1034 229 1060 pro
250 1026 377 1052 civitatis
398 1026 609 1060 magnificentia
629 1026 682 1051 hoc
701 1025 793 1051 eidem
813 1025 1005 1055 adtributum,
1026 1033 1113 1058 quam
1134 1025 1210 1059 quod
1230 1026 1323 1059 prima
1342 1026 1427 1059 primi
1446 1027 1569 1060 apostoli
1587 1027 1667 1053 sedes
1685 1035 1745 1053 esse

97 1081 291 1110 monstratur,
312 1079 363 1105 ubi
382 1084 412 1104 et
432 1088 537 1105 nomen
557 1080 668 1112 accepit
687 1079 784 1112 relig-io
805 1078 967 1105 Christiana
986 1082 1016 1104 et
1037 1087 1109 1112 quae
1131 1082 1305 1104 conventum
1325 1079 1521 1112 apostolorum
1541 1080 1618 1113 apud
1637 1089 1665 1105 se
1687 1080 1746 1106 fieri

98 1132 310 1159 celeberrimum
331 1133 436 1159 meruit
455 1141 584 1166 quaeque
604 1132 682 1158 urbis
703 1132 810 1158 Romae
831 1132 891 1158 sedi
910 1140 967 1157 non
988 1132 1109 1161 cederet,
1130 1133 1183 1157 nisi
1203 1132 1279 1165 quod
1298 1132 1346 1158 illa
1366 1133 1394 1158 in
1414 1133 1539 1159 transitu
1560 1134 1672 1163 meruit,
1690 1135 1746 1160 ista

97 1189 262 1219 susceptum
279 1186 356 1219 apud
373 1195 402 1211 se
421 1189 706 1218 consummatumque
724 1185 869 1219 gauderet.
898 1185 1000 1219 Itaque
1018 1185 1201 1215 arbitramur,
1218 1185 1306 1212 frater
1323 1186 1475 1215 carissime,
1493 1189 1536 1216 ut,
1553 1186 1626 1212 sicut
1644 1190 1746 1213 metro-

97 1240 240 1273 politanos
260 1240 433 1267 auctoritate
453 1239 567 1266 ordinas
587 1238 732 1272 singulari,
759 1239 799 1265 sio
824 1242 855 1264 et
881 1238 1010 1265 ceteros⁰
1036 1247 1093 1264 non
1113 1239 1172 1264 sine
1193 1239 1331 1272 permissu
1352 1239 1580 1272 conscientiaque
1601 1244 1652 1265 tua
1671 1240 1746 1266 sinas

97 1294 244 1327 episcopos
263 1292 432 1326 proerearid.
463 1293 498 1318 In
519 1292 621 1326 quibus
641 1292 717 1318 hunc
738 1292 854 1318 modum
873 1295 949 1318 recte
969 1292 1105 1322 servabis,
1125 1295 1159 1317 ut
1177 1292 1258 1325 longe
1279 1292 1387 1325 positos
1405 1292 1509 1318 litteris
1528 1292 1604 1318 datis
1623 1293 1746 1319 ordinari

97 1354 211 1373 censeas
226 1346 263 1372 ab
278 1346 332 1377 hie,
348 1347 396 1379 qui
412 1355 488 1372 nunc
502 1355 550 1372 eos
565 1354 616 1372 suo
632 1348 748 1372 tantum
763 1346 898 1372 ordinant
913 1346 1066 1376 arbitratu,
1082 1345 1191 1371 vicinos
1206 1349 1314 1375 autem,
1329 1346 1352 1371 si
1367 1346 1512 1376 aestimas,
1527 1346 1563 1372 ad
1580 1354 1680 1372 manus
1694 1347 1746 1372 im-

97 1400 269 1434 positionem
286 1403 353 1426 tuae
371 1400 478 1433 gratiae
496 1402 608 1426 statuas
627 1400 782 1432 pervenire.
817 1398 943 1430 Quorum
960 1400 1037 1425 enim
1055 1402 1083 1424 te
1103 1399 1229 1426 maxime
1248 1402 1385 1432 spectat
1402 1408 1479 1430 cura,
1496 1400 1645 1433 praecipue
1664 1402 1746 1426 tuum

97 1453 203 1479 debent
223 1454 323 1479 mereri
341 1453 488 1479 iudicium.

188 1513 217 1543 3.
250 1512 341 1550 Quae
365 1512 528 1542 sententia
552 1511 657 1542 sancti
682 1511 867 1542 innocentii
891 1511 929 1541 de
952 1510 1178 1542 Anthiochena
1202 1509 1334 1541 ecclesia
1360 1510 1553 1542 manifeste⁰
1577 1510 1668 1542 nobis
1691 1521 1745 1542 ex-

98 1565 224 1608 planat,
245 1566 333 1606 quod
353 1565 539 1596 Nichenum
559 1564 737 1596 concilium
758 1564 907 1595 dixerat⁴¹
928 1565 967 1595 de
987 1563 1210 1595 Alexandrina
1231 1563 1374 1601 ecclesia,
1396 1564 1568 1604 designans
1590 1567 1747 1602 Egyptum,

97 1623 219 1656 Lybiam
240 1625 270 1648 et
290 1622 479 1655 Pentapolim,
502 1626 535 1648 ut
556 1622 658 1648 horum
680 1622 808 1647 omnium
830 1620 937 1647 habeat
959 1625 1142 1655 potestatem.
1163 1616 1334 1658 Explanat
1356 1617 1457 1648 etiam
1479 1621 1606 1654 parilem
1628 1629 1748 1647 morem

98 1676 176 1702 urbis
190 1676 299 1702 Romae
312 1676 500 1709 episcopum,
513 1672 672 1713 quoniam
686 1671 761 1702 licet
776 1672 810 1702 in
823 1675 894 1702 toto
909 1671 984 1702 orbe
997 1675 1160 1703 terrarum
1175 1670 1359 1702 sollicitudo
1373 1670 1525 1702 omnium
1539 1670 1747 1702 ecclesiarum

99 1727 140 1758 ad
157 1725 252 1758 illum
270 1726 445 1767 pertineat,
462 1729 578 1757 tamen
595 1729 716 1762 antiqua
734 1727 911 1755 consuetudo
929 1725 994 1755 fuit
1011 1728 1044 1755 et
1061 1735 1103 1755 ex
1119 1724 1257 1765 antiquo
1276 1724 1339 1755 ista
1356 1734 1461 1764 aequa
1478 1725 1681 1755 consuetudo
1699 1728 1748 1754 est

98 1779 248 1813 Romano
268 1779 430 1820 episcopo.
463 1778 514 1810 Sic
534 1779 623 1810 enim
642 1778 721 1810 olim
740 1779 903 1820 disposuit
918 1797 962 1800 —
979 1777 1072 1808 velut
1089 1777 1288 1809 Anacletus⁵
1307 1781 1340 1808 et
1360 1776 1446 1809 Le0⁰
1466 1781 1540 1819 post
1559 1788 1635 1808 eum
1655 1776 1747 1817 longe

96 1833 300 1869 osten‹1li‘t----y
319 1832 374 1862 ut⁷
388 1835 597 1862 Alexandrinus
617 1836 766 1869 episcopus
781 1835 883 1861 horum
897 1835 1035 1865 omnium,
1054 1841 1138 1872 quae
1152 1831 1322 1872 designata
1336 1834 1426 1868 sunt,
1442 1833 1549 1860 habeat
1563 1836 1746 1867 potestatem.

95 1886 140 1918 Et
161 1889 291 1916 similiter
312 1886 375 1917 ista
396 1896 500 1926 aequa
522 1886 724 1916 consuetudo
747 1890 796 1916 est
816 1886 967 1916 Romano
990 1885 1152 1926 episcopo,
1176 1888 1214 1915 ut
1235 1888 1313 1921 apud
1335 1888 1538 1914 Anthjochiam
1560 1888 1747 1920 privilegium

97 1947 242 1970 servetur.
270 1939 315 1970 Et
333 1942 464 1968 similiter
488 1950 529 1970 ex
547 1939 685 1980 antiquo
704 1950 808 1979 aequa
827 1938 1030 1969 consuetudo
1049 1942 1098 1968 est
1115 1937 1266 1970 Romano
1286 1938 1449 1979 episcopO,
1470 1941 1508 1968 ut
1527 1941 1604 1974 apud
1623 1935 1748 1967 ceteras‘

96 1997 255 2031 provintias
269 1996 327 2022 suis
341 1996 489 2029 privilegia
501 1999 651 2022 serventur
664 1995 798 2026 ecclesiis,
813 1992 887 2029 quin
904 1990 1177 2033 metropolitanis,
1193 1992 1277 2022 sicut
1292 1995 1372 2022 sunt
1385 1991 1549 2032 quaedam
1565 1991 1747 2032 provintiae

98 2046 279 2088 specialiter
298 2047 496 2087 designatae,
516 2047 554 2077 de
572 2045 693 2087 quibus
710 2047 751 2077 ad
769 2045 912 2076 Romani
932 2044 1098 2086 pontificis
1115 2045 1357 2076 ordinationem
1375 2044 1550 2075 ordinandi
1568 2047 1602 2074 et
1618 2044 1660 2075 ad
1678 2044 1748 2074 eius

98 2100 348 2142 dispositionem
368 2099 563 2140 disponendi
584 2103 617 2130 et
637 2100 679 2130 ad
699 2100 864 2140 synodum
884 2099 953 2129 eius
973 2098 1173 2129 conveniant
1192 2097 1246 2129 vel
1264 2097 1417 2129 consulto
1438 2108 1474 2128 eo
1497 2097 1600 2139 ipsius
1620 2100 1680 2128 aut
1700 2107 1747 2127 re-

97 2153 258 2195 sponsalis
275 2153 355 2190 eius,
373 2153 431 2194 qui
447 2153 534 2184 vices
552 2153 656 2194 ipsius
672 2156 775 2189 tenet,
795 2153 821 2183 si
838 2152 880 2183 ad
896 2152 1089 2183 Romanum
1106 2151 1299 2193 pontificem
1317 2155 1450 2193 propter
1469 2150 1747 2191 longinquitatem

99 2207 266 2248 pervenire
286 2217 353 2237 non
373 2210 523 2248 possunt,
544 2206 745 2238 sententiam
765 2204 1018 2247 praestolentur.

185 2271 214 2299 4.
243 2269 333 2306 Quae
352 2279 428 2299 vero
448 2268 515 2299 sint
536 2268 720 2309 provintiae
740 2271 867 2309 praeter
887 2266 1143 2298 sollicitudinem
1162 2266 1315 2298 omnium
1334 2266 1545 2298 ecclesiarum
1565 2264 1747 2306 specialiter

97 2323 299 2363 pertinentes
320 2322 361 2353 ad
383 2322 493 2353 sedem
513 2321 739 2363 apostolicam⁷
762 2331 846 2362 quae
869 2324 974 2352 mater
994 2324 1095 2360 atque
1118 2320 1273 2360 magistra
1295 2324 1344 2350 est
1365 2320 1517 2351 omnium
1539 2318 1746 2350 ecclesiarum

181 2440 204 2467 ἃ)
223 2437 368 2461 Zeilenende
394 2440 504 2463 :crstdrt.·
530 2445 554 2461 es
580 2437 660 2467 sehlen
685 2436 759 2460 laium
783 2436 847 2459 mehr
866 2436 904 2460 als
924 2437 989 2460 2—3
1011 2435 1112 2459 Buchst.
1134 2435 1164 2459 Β.
1194 2449 1223 2452 —-
1252 2435 1317 2459 Man
1337 2435 1420 2459 wiirde
1439 2442 1596 2465 consurgens
1614 2436 1745 2459 vernmten,

98 2489 169 2505 wenti
186 2481 253 2505 nicht
268 2482 310 2506 der
326 2484 386 2505 erate
402 2482 566 2512 ausqejallene
589 2481 689 2505 Buchst.
707 2480 818 2504 :iemlich
834 2480 913 2504 sicher
929 2480 967 2503 als
983 2480 994 2504 f
1009 2488 1040 2503 zu
1056 2479 1179 2503 erkennen
1196 2481 1273 2506 wizre;
1296 2479 1415 2504 vielleicht
1433 2479 1590 2510 confligens?
1691 2476 1714 2507 b)
1731 2486 1746 2500 ι)

98 2525 246 2556 ἰ’ὶὸενρεεςῖιν.
261 2526 292 2550 Β.
386 2528 408 2556 ⁰)
426 2530 527 2560 ceteros
541 2526 572 2550 B.
658 2524 683 2555 (Ἰ)
698 2524 801 2548 Ζωείίεε
817 2533 829 2547 r
845 2524 891 2554 aus
908 2524 968 2548 Ros.
984 2524 1015 2548 Β.
1101 2526 1124 2554 e)
1141 2532 1155 2547 e
1167 2532 1209 2547 am
1220 2524 1291 2548 Ende
1302 2523 1347 2554 aul
1361 2524 1421 2547 Ras.
1436 2523 1466 2547 B.
1552 2521 1571 2552 ¹)
1584 2525 1698 2545 caeteras
1715 2521 1746 2545 Β.

215 2615 240 2644 l)
258 2613 314 2646 syl.
338 2613 436 2639 Mansa·
454 2613 520 2643 VII,
542 2613 628 2646 179ff.
654 2612 728 2644 732).
751 2611 849 2637 Jedoch
872 2611 946 2637 deckt
965 2611 1022 2637 sich
1043 2611 1086 2636 die
1106 2610 1308 2643 Entscheidzmy
1328 2611 1373 2636 cles
1390 2610 1505 2636 Konzils
1526 2618 1577 2635 von
1595 2608 1743 2635 Chalcedon

99 2657 170 2683 nicht
191 2658 237 2683 mil
256 2666 379 2683 miserem
395 2658 476 2687 Tezt;
495 2666 516 2682 s.
530 2658 599 2683 auch.
613 2657 847 2689 Hefele-Leclercq,
866 2655 986 2681 Histoire
1002 2655 1048 2680 des
1060 2655 1174 2681 conciles
1186 2655 1221 2681 II
1237 2655 1350 2688 (1903),
1365 2655 1424 2680 735.
1441 2654 1516 2686 7667.
1608 2654 1635 2685 2)
1656 2652 1746 2678 Codex

98 2710 233 2727 canonum
255 2702 356 2735 (1609)
378 2702 406 2727 S.
421 2702 473 2727 30⁴9
493 2710 514 2728 c.
529 2702 576 2731 4-1·
601 2701 754 2727 Hiusclcius
773 2701 801 2726 S.
815 2700 892 2732 5477‘.
914 2708 935 2725 c.
949 2700 964 2724 1
987 2699 1083 2732 (J.-K.
1103 2700 1182 2733 310).
1296 2699 1323 2731 3)
1341 2699 1397 2731 Vql.
1419 2699 1510 2724 Neues
1530 2698 1632 2723 Archiv
1649 2697 1691 2727 44,
1712 2696 1746 2722 59

98 2746 132 2771 A.
146 2747 170 2771 4.
291 2747 319 2777 4)
339 2745 370 2771 C.
384 2746 410 2775 6,
431 2746 521 2771 Codex
540 2754 673 2771 canonum
698 2745 799 2777 (1609)
821 2744 849 2770 S.
864 2745 893 2773 4,·
914 2743 1068 2769 Hinschius
1083 2743 1111 2769 S.
1127 2744 1188 2770 258.
1306 2745 1334 2775 5)
1361 2743 1416 2776 1⁷9z.
1441 2743 1519 2768 Decr.
1542 2742 1638 2767 Anacl.
1660 2750 1681 2766 c.
1701 2740 1744 2769 31,

99 2790 250 2816 Hinschius
270 2790 299 2815 S.
313 2791 347 2815 33
364 2790 460 2822 (J.-K.
476 2791 491 2822 γ’·
512 2792 531 2823 ς
544 2791 586 2822 4).
714 2791 741 2819 6)
762 2789 818 2822 Vql.
840 2788 993 2814 Hine-chius
1013 2787 1041 2814 S.
1055 2788 1106 2814 611
1131 2788 1226 2819 (J.-K.
1247 2788 1326 2820 483).
1444 2788 1471 2818 7)
1492 2787 1555 2812 Nic.
1572 2795 1593 2811 c.
1607 2786 1632 2815 6,
1656 2784 1745 2810 Oeclei·

99 2843 233 2860 canonum
252 2834 353 2867 (1609)
372 2835 400 2859 S.
415 2835 444 2864 L·
460 2834 614 2860 Hinschius
631 2834 659 2859 S.
675 2834 735 2859 258.

1482 2883 1531 2909 16*

1771 327 1845 358 863.

1762 1663 1811 1686 vgl.
1826 1665 1848 1684 2.
1856 1662 1905 1684 Gor.

1792 1690 1826 1716 11,
1834 1692 1870 1711 28.

1762 2259 1811 2283 vgl.
1826 2259 1847 2279 2.
1856 2258 1905 2279 cor.

1797 2287 1831 2309 11.
1840 2286 1876 2307 28.
