2272 3197
722 185 906 211 HINKMAR
926 185 1003 211 VON
1022 185 1140 211 REIMS
1162 186 1204 211 12.
1762 187 1781 217 5

137 277 242 310 multa
263 278 348 310 mala
370 278 485 309 fierent
506 289 580 320 erga
601 289 650 310 res
671 279 838 310 Avennaci
859 279 1048 310 monasterii
1069 278 1196 316 Bertae,
1218 278 1319 320 ipsius
1340 278 1553 320 imperatricis
1574 278 1673 316 filiae;
1695 290 1778 310 asse·
1805 276 1986 307 846-847.

137 342 264 368 verans,
287 331 375 372 quod
397 331 546 363 diabolus
563 343 623 373 per
645 343 757 363 eorum
779 332 822 363 sit
843 342 899 363 ora
920 332 1049 363 locutus
1071 332 1287 369 mendacium,
1309 331 1401 363 velut
1422 336 1472 363 est
1493 335 1587 373 pater
1608 332 1778 364 mendacii.
1795 340 1846 364 νει.
1862 340 1995 364 1011.⁸‚·1⁴.

86 767 113 787 10

85 1033 112 1053 15

82 1354 110 1372 20

81 1642 110 1660 25

81 1908 108 1927 30

81 2174 108 2192 35

82 2571 109 2589 40

140 384 173 415 Si
187 385 267 426 quid
280 395 355 416 vero
371 385 517 417 homines
530 386 631 427 ipsius
645 385 764 417 iniuste
778 385 913 416 fecerint
925 386 959 416 in
972 385 1068 417 rebus
1081 385 1183 427 ipsius
1197 385 1397 423 monasterii,
1411 396 1476 416 non
1490 385 1644 426 denegat;
1657 389 1781 423 tamen,

137 437 213 478 quia
232 442 266 470 et
282 438 480 480 ignoraverit
496 442 530 470 et
546 449 611 470 non
629 439 826 470 consenserit
851 449 908 470 nec
926 438 1076 476 voluerit,
1094 439 1227 470 indicat.
1252 439 1301 470 De
1319 439 1463 480 quodam
1486 442 1632 480 preterea
1656 449 1780 475 maRSO,

139 491 227 532 quod
248 491 302 523 illa
324 491 562 532 significaverat
583 492 701 523 iniuste
723 491 927 523 abstractum
948 503 967 523 a
988 492 1115 533 prefato
1138 492 1344 528 monasterio,
1367 492 1492 529 asserit,
1516 492 1603 532 quod
1624 491 1704 523 nulli
1725 492 1781 523 ho-

137 544 226 581 mini,
251 549 414 586 quantum
438 545 499 576 sibi
518 545 714 577 conscientia
745 545 969 576 testimonium
988 545 1190 586 perhibebat,
1209 545 1328 576 iniuste
1352 556 1510 586 umquam
1534 556 1685 577 mansum
1708 545 1780 576 abs-

136 597 258 634 tulerit,
286 598 341 629 sed
368 599 456 639 apud
475 599 601 640 regeml
626 609 684 640 pro
704 609 741 629 eo
760 598 891 640 petierit
910 602 942 629 et
961 598 1150 635 obtinuerit,
1170 602 1209 629 ut
1227 598 1341 629 missos
1361 609 1435 630 suos
1455 599 1616 639 dirigeret,
1636 598 1692 639 qui
1712 597 1781 630 dili-

137 651 322 691 gentissime
342 651 403 682 hoc
422 652 507 683 inter
526 651 677 683 ecclesiae
697 651 865 682 Remensis
885 654 918 682 et
937 651 1105 682 Avennaci
1124 651 1312 683 monasterii
1331 652 1547 693 possessiones
1566 662 1670 692 aequa
1689 650 1781 682 lance

136 704 329 745 indagantes
346 704 565 736 decernerent.
583 705 669 736 Nam
686 704 764 745 ipse,
782 704 838 745 qui
854 715 912 735 sua
930 715 987 745 pro
1006 704 1132 735 Christo
1151 704 1328 741 dimiserat,
1345 715 1404 736 nec
1421 704 1520 736 vellet
1536 716 1594 737 nec
1611 705 1779 746 indigeret,

137 760 175 788 ut
196 757 301 789 aliena
323 762 466 799 raperet;
489 769 526 789 ea
549 762 670 794 tamen,
693 767 776 798 quae
799 757 859 788 sibi
880 757 1052 788 commissa
1074 760 1178 794 erant,
1201 757 1268 788 sine
1291 757 1416 788 ratione
1438 762 1472 789 et
1493 758 1561 798 lege
1583 757 1780 799 negligenter

136 811 300 843 dimittere
319 822 384 842 non
401 811 560 849 audebat;
579 810 721 843 adiciens
738 821 807 841 esse
825 809 929 842 multa
947 811 986 842 de
1003 811 1074 852 ipso
1092 811 1300 847 monasterio,
1320 811 1404 842 unde
1422 811 1522 853 ipsius
1538 811 1686 852 filiaeque
1704 822 1780 842 suae

135 863 304 906 indigebat
322 864 458 902 auxih'm
477 865 635 906 petitque,
654 868 692 895 ut
709 863 823 895 mittat
840 864 976 895 missum
994 875 1089 895 suum
1106 867 1277 895 strenuum
1294 868 1328 895 et
1345 863 1472 896 fidelem
1489 875 1564 896 cum
1582 864 1678 896 misso
1697 863 1780 896 filiae

136 929 224 957 suae,
241 918 297 959 qui
314 929 378 949 una
395 929 505 949 secum
521 928 605 959 quae
620 917 810 958 corrigenda
827 921 904 947 sunt
920 916 1041 948 ibidem
1056 917 1198 957 corrigat
1214 921 1247 948 et
1263 916 1385 954 videat,
1402 928 1502 958 quam
1517 917 1731 949 intentionem
1747 922 1780 949 et

136 971 342 1004 voluntatem
360 972 428 1013 ipse
446 971 480 1002 in
496 971 618 1002 talibus
636 970 767 1007 habeat,
785 981 824 1001 ne
843 970 921 1011 ipsis
939 975 971 1001 et
989 970 1050 1001 sibi
1068 969 1257 1012 periculum,
1277 970 1364 1011 quod
1383 970 1480 1007 absit,
1500 971 1614 1002 exinde
1633 974 1779 1008 maneat;

138 1026 296 1067 petitque,
317 1029 355 1056 ut
374 1025 501 1056 animus
520 1024 620 1066 ipsius
641 1024 683 1054 sit
703 1034 827 1064 semper
848 1022 1014 1059 sollicitus,
1035 1034 1073 1054 ne
1094 1022 1217 1054 alienae
1237 1023 1365 1064 linguae
1386 1023 1478 1054 facile
1496 1024 1619 1060 credat,
1640 1023 1780 1055 maxime

135 1079 175 1109 de
192 1077 434 1110 sacerdotibus2
450 1077 584 1114 Christfi3
602 1077 756 1117 quoniam
773 1075 932 1112 diabolus,
950 1077 976 1107 si
993 1087 1057 1107 non
1076 1080 1185 1118 potest
1202 1076 1234 1107 in
1251 1076 1326 1113 alio,
1343 1076 1375 1107 in
1392 1077 1452 1107 hoc
1470 1076 1550 1108 velit
1566 1077 1780 1108 intentionem

136 1132 236 1173 ipsius
255 1132 390 1168 fuscare,
409 1134 447 1162 ut
464 1141 536 1162 eam
554 1130 653 1161 faciat
670 1130 702 1161 in
721 1129 872 1171 opinione
890 1129 1036 1161 indebita
1055 1130 1260 1161 sacerdotum
1278 1141 1392 1161 errare.
1412 1130 1570 1171 Denique,
1589 1131 1677 1171 quod
1694 1130 1779 1161 adie-

134 1189 223 1217 cerat
250 1186 320 1227 ipsa
349 1196 381 1215 se
409 1195 465 1225 pro
494 1194 530 1214 eo
551 1184 743 1224 suggessisse
764 1183 872 1214 animo
894 1183 1098 1224 imperatoris
1119 1183 1275 1220 Lotharii,
1297 1188 1411 1214 contra
1432 1183 1538 1224 ipsum
1562 1184 1671 1214 secisse
1692 1182 1779 1214 illam

135 1242 289 1275 testatur,
312 1249 377 1269 non
400 1242 438 1268 ut
461 1247 613 1277 magnam
636 1241 670 1267 et
692 1237 760 1267 Deo
784 1237 939 1267 devotam
963 1237 1055 1267 decet
1078 1237 1181 1267 facere
1204 1236 1383 1277 coniugem.

843 1342 1092 1383 Briellmqmem.

223 1420 315 1462 Ego*
346 1420 422 1457 scio,
447 1419 523 1461 quia
547 1419 620 1450 ei⁸³
650 1418 776 1449 multaa
800 1418 839 1449 de
864 1429 913 1449 me
939 1418 1027 1449 dicta
1053 1419 1181 1449 fuerunt
1205 1419 1385 1455 contraria-3
1417 1419 1472 1450 sed
1496 1419 1522 1449 si
1548 1419 1630 1456 vult,
1661 1420 1782 1460 poterit

133 1484 319 1515 cognoscere
343 1484 406 1504 non
431 1484 496 1503 esse
520 1483 605 1503 vera.
646 1472 767 1503 Tamen
792 1482 865 1503 eum
890 1482 953 1503 non
977 1473 1080 1503 audeo
1104 1472 1341 1513 reprehendere,
1367 1473 1443 1513 quia
1468 1472 1618 1503 dominus
1641 1476 1699 1509 est,
1725 1484 1781 1504 nec

134 1527 167 1558 in
191 1527 259 1558 eius
283 1537 417 1568 persona
442 1526 524 1563 dico,
549 1526 634 1556 sicut
664 1525 782 1566 legitur
813 1525 846 1556 in
869 1525 1055 1566 scripturis:
1083 1525 1157 1562 ‘Qui
1189 1526 1326 1557 libenter
1356 1526 1450 1557 audit
1481 1526 1579 1557 verba
1610 1527 1780 1563 mendacii,
1801 1537 1967 1562 Prov.29‚19.

135 1580 301 1611 ministros
325 1590 451 1621 quoque
467 1579 601 1610 habebit
618 1579 758 1620 impios'‚
776 1579 928 1610 videlicet
952 1579 1007 1621 qui
1032 1580 1071 1611 de
1088 1583 1182 1620 ergab
1199 1583 1293 1610 euinb
1310 1579 1393 1620 piisb
1410 1579 1593 1610 voluntarie
1611 1579 1782 1620 loquentur

134 1633 245 1675 impia.
287 1632 349 1670 Qui
374 1632 422 1664 illi
447 1643 484 1664 ea
508 1632 594 1664 dixit
618 1643 658 1663 ex
682 1643 753 1663 mea
777 1635 879 1673 parte,
897 1632 1001 1663 sicutC
1018 1632 1098 1663 mihi
1117 1633 1307 1670 mandastis,
1335 1633 1429 1664 aliter
1452 1644 1549 1674 quam
1574 1644 1685 1664 verum
1716 1634 1780 1664 sitd

134 1686 231 1724 dixit,
256 1686 340 1717 male
364 1690 474 1717 autem
499 1686 730 1727 interpretatus
754 1689 802 1716 est
833 1686 912 1716 bene
936 1686 1035 1717 dicta.
1077 1686 1108 1717 Si
1134 1686 1289 1717 voluisset
1313 1697 1500 1727 cognoscere
1524 1697 1635 1717 verum
1666 1690 1699 1717 et
1723 1687 1780 1718 ali-

134 1740 206 1782 quis
230 1740 346 1771 missus
370 1739 451 1771 mihi
475 1740 514 1771 de
538 1750 595 1770 sua
620 1743 731 1780 partec
749 1740 883 1777 veniret,
910 1744 946 1770 ut
963 1746 1059 1771 verae
1076 1751 1115 1771 ex
1140 1751 1190 1771 me
1214 1744 1427 1781 cognosceret,
1452 1741 1537 1771 sicut
1560 1741 1651 1771 venit
1674 1744 1707 1771 et
1730 1751 1781 1771 me

134 1793 405 1835 qualemcumque
436 1793 554 1825 Christi
587 1793 710 1824 domini
742 1794 942 1824 sacerdotem
974 1793 1190 1835 suggillavitf,
1224 1794 1435 1825 libentissime
1461 1805 1519 1824 suo
1549 1794 1658 1825 animo
1687 1794 1781 1825 satis-

134 1847 283 1878 facerem.
324 1847 371 1878 De
396 1857 467 1878 meo
495 1850 606 1878 autem
631 1846 739 1883 misso,
764 1847 849 1877 sicut
873 1847 1055 1878 dominatio
1079 1847 1309 1888 benignissima
1334 1851 1441 1878 vestra
1465 1848 1647 1885 mandavit,
1673 1852 1710 1878 ut
1739 1848 1781 1878 ad

134 1911 207 1931 eum
231 1900 381 1941 dirigam,
406 1900 461 1941 qui
486 1900 514 1931 ei
538 1899 599 1930 hoc
623 1900 775 1937 affirmet,
793 1901 879 1941 quod
903 1901 942 1932 de
959 1901 1027 1931 eius
1052 1900 1266 1932 infidelitateg
1284 1901 1365 1932 nihil
1382 1901 1480 1932 velim
1504 1905 1654 1939 tractare,
1679 1901 1779 1938 scitis,

133 1957 256 1995 quanta
280 1953 449 1985 mendacia
474 1963 558 1984 nunc
582 1964 637 1994 per
662 1953 749 1984 istud
775 1954 901 1985 vadunt
925 1954 1087 1985 saeculum
1112 1958 1145 1984 et
1169 1958 1291 1996 quanta
1316 1954 1484 1986 sinceritas
1508 1955 1625 1986 debeat
1653 1965 1719 1985 esse
1748 1955 1781 1985 in

132 2006 320 2038 sacerdoteh
344 2010 377 2037 et
400 2010 557 2048 quantam
581 2006 699 2037 merito
723 2007 843 2038 domno
867 2008 957 2038 meol
982 2007 1081 2038 velim
1112 2018 1237 2039 servare
1262 2008 1465 2039 fidelitatem.
1507 2008 1549 2038 Et
1581 2008 1710 2046 ideirco,
1742 2019 1780 2039 ne

134 2059 212 2091 mali
236 2060 426 2101 interpretes
450 2060 534 2091 male
558 2060 679 2091 bonum
705 2060 967 2101 interpretentur,
994 2061 1052 2092 hoc
1077 2061 1182 2093 adhuc
1206 2062 1309 2092 facere
1334 2073 1396 2093 non
1422 2073 1561 2102 possum.
1602 2062 1723 2093 Tamen
1753 2062 1779 2093 si

135 2113 207 2144 vult
230 2113 355 2144 credere
381 2113 520 2145 domnus
544 2124 634 2144 meus
658 2113 860 2151 motharius,
886 2118 991 2155 potest
1015 2115 1173 2146 veraciter
1203 2126 1400 2156 cognoscere,
1431 2116 1507 2156 quia
1538 2126 1602 2146 non
1632 2116 1779 2146 tantumi

132 2165 190 2204 illi,
215 2166 319 2197 nullik
342 2166 467 2197 homini
492 2167 525 2197 in
549 2167 670 2198 mundo
694 2177 766 2198 sum
790 2167 947 2204 infidelis3
971 2172 1003 2198 et
1024 2168 1051 2198 si
1076 2168 1148 2199 vult
1171 2169 1307 2205 credere,
1333 2169 1461 2204 credat;
1486 2169 1537 2200 sin
1560 2173 1680 2207 autem,
1705 2180 1779 2200 cum

134 2219 186 2250 ille
211 2220 295 2251 inter
318 2219 478 2261 principes
501 2223 535 2251 et
558 2230 615 2261 ego
640 2220 724 2251 inter
747 2221 912 2262 episcopos
936 2225 1011 2252 ante
1035 2230 1140 2263 regem
1166 2233 1274 2263 regum
1300 2225 1333 2253 et
1356 2222 1541 2264 episcopum
1558 2223 1779 2264 episcoporum

134 2273 324 2310 venerimus,
350 2277 439 2311 tunc,
465 2274 543 2315 quid
570 2273 644 2305 inde
669 2284 782 2305 verum
805 2274 859 2311 sit,
878 2274 1060 2315 plenissime
1085 2275 1152 2306 sine
1176 2275 1313 2306 alicuius
1338 2276 1536 2307 indicatione
1560 2277 1780 2317 (·ognoscet.**

222 2433 246 2463 *)
266 2432 347 2465 Folqt
366 2434 460 2467 inquit
481 2433 557 2459 Flod.
668 2435 712 2465 **)
731 2435 863 2460 Danaeia:
882 2435 919 2460 Et
939 2439 1042 2461 cetera.
1064 2434 1139 2461 Flod.

223 2522 264 2546 12.
295 2524 316 2552 a)
336 2523 420 2546 multa
434 2524 458 2547 ei
472 2523 518 2548 Ib.
618 2523 641 2553 b)
662 2524 727 2549 Verb.
742 2533 771 2548 zu
786 2525 836 2556 piis
850 2533 909 2556 erga
924 2533 983 2549 eum
998 2527 1011 2549 1
1022 2525 1045 2548 b.
1144 2528 1164 2556 0)
1185 2527 1249 2550 sieut
1265 2527 1324 2557 fehlt
1336 2528 1352 2551 2
1362 2536 1370 2554 ,·
1389 2527 1454 2550 sirm
1477 2541 1504 2544 —
1526 2535 1573 2550 sua
1587 2530 1661 2558 part(-
1681 2526 1720 2553 (Z.
1734 2526 1776 2555 27)

133 2565 190 2596 fehlt
209 2568 232 2590 1.
329 2566 354 2597 d)
373 2568 444 2592 Fehlt
464 2570 508 2592 18.
610 2574 630 2599 e)
652 2577 741 2593 veram
763 2571 785 2594 1.
884 2569 902 2599 1')
923 2570 1067 2601 suigillavit
1088 2572 1121 2598 2‚·
1140 2570 1193 2595 hier
1210 2571 1325 2595 inseriert
1344 2573 1357 2596 1
1384 2571 1424 2595 die
1442 2572 1501 2595 oben
1521 2571 1579 2602 (vyl.
1600 2571 1655 2595 Var.
1668 2572 1693 2601 c)
1719 2579 1776 2594 aas·

133 2610 255 2640 yda-seem
267 2611 339 2636 Stelle
358 2613 425 2636 sicut
437 2627 465 2631 —-
476 2616 553 2644 parte
565 2614 618 2638 und
632 2614 769 2638 wiederholt
782 2615 843 2638 alles
856 2614 893 2638 bis
907 2614 1068 2646 suggillavit.
1162 2618 1183 2645 S)
1205 2615 1389 2639 infidelitatem
1404 2617 1417 2640 1
1426 2620 1447 2639 a.
1534 2614 1557 2645 h)
1577 2615 1738 2639 sacerdotem
1755 2617 1775 2639 I.

137 2653 152 2683 i)
173 2658 262 2678 tamen
282 2657 305 2684 1,
319 2657 343 2680 2.
451 2656 475 2686 k)
496 2657 540 2681 sed
560 2658 623 2682 nulli
643 2659 667 2683 3.

224 2743 249 2774 1)
268 2742 338 2768 Ka‘rl
356 2742 405 2769 der
422 2744 521 2771 KaMe.
630 2748 657 2777 2)
678 2746 793 2772 Schrifrs
810 2747 841 2772 S.
855 2747 890 2772 52
909 2750 1045 2777 vermutet,
1063 2746 1118 2780 dass
1136 2747 1220 2773 damit
1238 2748 1385 2780 Anhdnyer
1402 2747 1450 2774 des
1467 2747 1632 2780 ehemaliqen
1644 2746 1707 2772 Ebs.
1721 2747 1776 2772 Eho

134 2794 184 2811 von
202 2786 294 2812 Reims
312 2787 426 2819 qemeim
445 2787 515 2814 sind.
624 2791 651 2822 3)
671 2791 772 2816 Kaiser
794 2791 892 2816 Lothar
910 2791 936 2817 I.
