2220 3192
448 195 486 223 62
960 192 1145 219 HINKMAR
1167 192 1243 217 VON
1264 190 1385 216 REIMS
1407 190 1560 216 125—126.

351 288 423 317 859.
450 286 701 321 demnationem,
721 285 776 314 scd
795 283 826 314 in
848 281 1065 314 remissionem
1085 279 1231 311 omnium
1250 282 1458 320 peccatorum
1478 281 1512 309 et
1530 278 1564 309 in
1583 278 1820 316 fortitudinem,
1841 283 1879 309 ut
1898 280 2000 320 possit
2019 280 2092 311 resi-

272 349 290 367 1.
303 348 353 367 cor.
367 347 386 369 o.
399 347 432 366 16.
450 342 533 369 stere
553 336 681 369 diabolo
701 340 735 367 et
754 336 795 367 ad
816 345 949 375 regnum
969 333 1030 364 Dei
1050 332 1227 374 pervenire.
1250 331 1412 368 Quoniam
1432 331 1517 362 sicut
1534 331 1604 372 ‘qui
1624 331 1781 362 adhaeret
1799 331 1970 370 meretrici,
1991 343 2093 364 unum

238 399 433 423 vn1.1.cor.o‚17.
449 402 565 432 corpus
587 389 747 425 efficitur',
770 388 817 419 ita
840 387 895 428 qui
918 387 1013 426 digne
1034 385 1265 421 communicat,
1289 384 1329 415 de
1351 384 1414 415 ista
1436 383 1664 416 communione
1686 395 1771 415 unus
1793 384 1925 426 spiritus
1948 389 1997 416 est
2018 396 2092 417 cum

448 443 598 479 Domino,
619 445 652 472 et
671 442 703 472 in
724 451 788 481 quo
808 440 896 470 Deus
916 438 1046 470 habitat
1065 442 1099 468 et
1118 438 1185 478 ipse
1205 437 1238 468 in
1259 437 1338 468 Deo.
1360 437 1405 468 Et
1423 437 1457 468 in
1477 435 1537 468 tali
1556 436 1696 474 homine,
1716 437 1751 468 in
1771 448 1835 478 quo
1856 437 1944 469 Deus
1964 438 2093 469 habitat

236 505 283 529 vai.
295 505 355 529 nph.
366 506 387 529 1,
397 505 431 524 27.
448 500 481 526 et
502 495 556 536 qui
577 495 610 525 111
632 495 699 525 1360
722 492 861 529 habitat,
884 502 949 522 non
970 490 1105 522 habebit
1126 493 1298 532 peccatum
1318 493 1352 521 et
1373 489 1498 531 peccati
1519 493 1634 521 auctor
1654 493 1755 531 atque
1776 490 1925 521 hortator
1945 490 2093 522 diabolus

254 558 302 581 νει.
316 558 366 582 sap.
378 560 399 580 4.
413 559 430 576 τ.
448 546 675 579 damnabiliter
693 545 815 582 locum;
834 548 868 575 et
886 544 912 575 si
930 544 978 575 ita
996 543 1262 585 perseveraverit,
1282 546 1357 584 post
1374 546 1516 574 mortem
1532 543 1567 574 in
1585 542 1747 584 refrigerio
1766 543 1828 574 erit
1846 547 1880 574 et
1898 547 1973 585 post
1990 555 2091 575 resur—

447 601 620 631 rectionem
642 599 674 629 111
697 601 885 629 sanctorum
906 596 1096 637 angelorum
1117 595 1280 627 consortio
1302 606 1378 627 cum
1399 595 1528 627 Christo
1550 596 1618 627 sine
1639 595 1703 627 fine
1725 596 1884 637 regnabit.

527 652 571 683 Et
592 651 691 682 nolite
712 661 850 692 sperare,
873 650 949 691 qnia
969 653 1103 681 tantum
1123 650 1166 680 ad
1186 652 1342 680 terrorem
1364 652 1511 680 vestrum
1531 652 1565 680 et
1585 659 1651 680 non
1671 660 1713 681 ex
1733 649 1873 681 veritate
1894 649 1954 681 hoc
1976 650 2091 682 dicam.

446 705 547 736 Testis
566 708 615 735 est
633 704 730 740 Deus,
751 703 828 744 quia
846 703 931 734 sicut
948 713 989 734 ex
1007 713 1061 733 ore
1080 702 1140 734 Dei
1159 713 1215 744 per
1234 702 1411 743 scripturas
1428 702 1549 744 accepi,
1567 702 1615 733 ita
1634 705 1668 733 et
1685 702 1737 733 1110
1755 703 1797 734 3(1
1817 702 1957 734 salutem
1974 706 2008 734 et
2025 714 2092 735 cor-

443 758 619 789 rectionem
639 760 783 788 vestram
803 756 925 797 scripsi.
947 756 991 787 Et
1012 755 1130 792 sciatis,
1153 755 1240 796 quia,
1262 755 1323 786 nisi
1343 765 1402 786 vos
1422 755 1635 793 correxeritis,
1658 758 1695 786 ut
1714 755 1778 787 ista
1798 755 1885 787 mala
1906 756 2091 794 dimittatis,

444 821 563 848 omnes,
587 810 642 851 qui
664 810 697 841 in
719 810 783 841 ista
805 820 877 841 mea
900 808 1069 850 parrochia
1091 808 1155 839 ista
1177 807 1263 840 mala
1286 808 1403 846 facitis,
1427 808 1716 840 excommunicabo
1739 812 1773 840 et
1794 808 1980 851 presbiteris
2002 820 2093 841 man-

443 863 538 901 dabo,
564 867 600 894 ut
623 862 702 894 nulli
724 862 987 894 communionem
1010 861 1147 893 scienter
1170 861 1304 899 donent,
1329 861 1385 903 qui
1407 861 1472 893 ista
1495 861 1581 894 mala
1604 866 1681 903 post
1702 862 1800 894 istam
1824 862 2093 894 ammonitionem

448 916 597 948 relectam
620 916 653 947 in
677 927 749 948 mea
773 915 943 957 parrochia
968 915 1090 952 fecerit,
1110 925 1215 956 neque
1239 914 1294 951 illi,
1316 914 1372 955 qui
1396 914 1529 946 facienti
1548 914 1732 946 voluntarie
1755 915 2012 947 communicavit
2035 920 2093 947 aut

446 969 576 1000 facienti
599 968 685 1001 mala
707 968 881 1000 consensit.
906 969 951 999 Et
973 967 1124 1000 omnibus
1147 968 1190 999 ad
1212 968 1475 1000 communionem
1498 967 1727 999 accedentibus
1750 968 1908 1010 presbiter
1932 968 2091 1010 quiscum-

443 1033 505 1064 que
529 1022 711 1059 denuntiet,
735 1025 773 1052 ut
795 1022 851 1063 qui
874 1024 949 1063 post
970 1021 1069 1053 istam
1091 1021 1350 1052 admonitionem
1371 1020 1414 1052 ab
1436 1021 1485 1052 his
1507 1021 1601 1053 malis
1624 1032 1690 1052 non
1712 1021 1861 1059 cessavit,
1885 1022 1927 1053 ad
1949 1032 2091 1054 commu-

444 1076 573 1107 nionem
591 1086 655 1106 non
674 1075 819 1112 accedat,
835 1075 937 1106 sciens
956 1074 1032 1116 quia
1051 1074 1357 1115 condemnationem
1375 1074 1523 1116 accipiet.
1543 1074 1588 1106 Et
1606 1085 1647 1106 ex
1664 1074 1764 1106 verbo
1783 1074 1844 1106 Dei
1861 1075 2036 1113 mandabo,
2055 1080 2093 1106 nt

444 1128 552 1160 nullus
570 1128 728 1170 presbiter
746 1129 779 1159 in
797 1139 869 1160 mea
888 1128 1058 1169 parrochia
1077 1128 1117 1159 de
1135 1127 1198 1159 alia
1217 1128 1386 1169 parrochia
1405 1128 1537 1159 veniens
1554 1127 1616 1159 illis
1633 1128 1766 1160 missam
1784 1131 1906 1166 cantet,
1926 1128 1982 1170 qui
2000 1139 2032 1160 se
2050 1129 2093 1160 ab

444 1182 514 1213 istis
530 1182 625 1214 malis
642 1193 706 1212 non
723 1181 930 1218 correxerint,
949 1181 1033 1212 sicut
1049 1181 1083 1212 in
1100 1181 1219 1213 Christi
1235 1192 1345 1213 amore
1362 1191 1422 1212 vos
1438 1181 1602 1222 deprecor.
1620 1181 1665 1212 Et
1682 1192 1776 1213 nemo
1794 1181 1952 1223 despiciat
1969 1181 2091 1213 dicens:

439 1235 540 1272 ‘Quid
558 1235 584 1266 si
601 1235 662 1266 iste
680 1235 849 1276 episcopus
865 1234 945 1266 talia
963 1234 1241 1266 commendaverit
1252 1234 1275 1266 ’ζ’
1297 1233 1386 1266 Sciat
1401 1245 1459 1276 pro
1477 1238 1576 1272 certo,
1589 1235 1675 1276 quia,
1687 1234 1933 1276 qualiscumque
1948 1246 2005 1275 ego
2021 1235 2091 1272 sim,

252 1297 380 1320 Matthia,
396 1299 428 1317 1⁸.
444 1288 531 1319 Deus
556 1298 655 1319 verax
679 1291 712 1319 et
736 1288 942 1329 omnipotens
966 1291 1025 1325 est,
1051 1288 1107 1329 qui
1132 1287 1216 1319 dixit
1240 1287 1347 1319 nobis:
1370 1287 1615 1329 ‘Quaecumque
1641 1287 1818 1329 ligaveritis
1842 1298 1937 1329 super
1960 1292 2090 1325 terram,

440 1344 536 1372 erunt
555 1341 653 1382 ligata
674 1344 708 1372 et
725 1341 759 1372 in
779 1341 889 1372 caelo,⁵
911 1341 955 1372 Et
975 1341 1000 1372 si
1015 1340 1132 1382 aliquis
1147 1341 1280 1372 dixerit:
1306 1341 1372 1372 ‘Ad
1397 1340 1468 1372 illos
1488 1341 1555 1372 dies
1574 1341 1608 1372 in
1627 1340 1765 1373 alteram
1790 1340 1844 1372 ibo
1864 1341 2091 1382 parrochiam’,

442 1394 523 1425 sciat
539 1395 750 1435 quiscumque
766 1394 818 1425 ille
834 1405 899 1425 non
915 1394 1065 1431 hominis,
1082 1394 1137 1425 sed
1154 1394 1215 1425 Dei
1230 1393 1352 1425 inlusor
1367 1397 1401 1425 et
1415 1405 1493 1425 suus
1508 1394 1575 1436 ipse
1591 1394 1755 1436 deceptor,
1773 1394 1850 1435 quia
1865 1395 1891 1425 si
1906 1394 1940 1426 in
1955 1394 2092 1426 alteram

442 1448 644 1488 parrochiam
664 1448 903 1479 communicare
923 1447 967 1478 sic
987 1448 1288 1479 excommunicatus
1308 1447 1495 1489 perrexerit,
1517 1448 1672 1489 quoniam
1691 1448 1797 1479 maius
1817 1447 1918 1479 etiam
1936 1448 2092 1480 iudicium

442 1511 550 1532 coram
570 1501 639 1532 Deo
660 1501 843 1538 sustinebit,
865 1501 941 1542 quia
962 1504 1061 1542 putat
1081 1511 1113 1532 se
1133 1500 1224 1532 illum
1244 1500 1384 1542 effugere
1404 1511 1507 1542 posse,
1529 1501 1585 1542 qui
1606 1500 1726 1542 ubique
1747 1504 1797 1532 est
1816 1504 1850 1532 et
1869 1501 1961 1532 cuius
1981 1500 2090 1538 verbo,

443 1564 506 1584 non
530 1565 602 1585 mea
626 1558 790 1595 potestate
814 1555 993 1586 secundum
1017 1554 1192 1591 hominem,
1217 1554 1273 1585 sed
1298 1554 1476 1586 secundum
1500 1554 1649 1585 divinum
1672 1554 1899 1591 ministerium,
1923 1553 2015 1586 illum
2039 1565 2090 1585 ex-

443 1607 701 1638 communicabo.

525 1660 570 1691 Et
588 1671 653 1691 11011
672 1660 856 1698 irascimini,
877 1660 986 1692 dilecti
1006 1661 1122 1692 fratres
1142 1664 1175 1691 et
1193 1660 1259 1697 filii,
1281 1661 1358 1701 quia
1377 1664 1514 1702 paterna
1534 1660 1705 1691 dilectione
1725 1671 1783 1691 vos
1802 1671 1928 1699 moneo,
1949 1660 2005 1692 sed
2024 1671 2091 1692 cor-

443 1712 536 1752 rigite
553 1723 622 1750 vos,
639 1713 847 1744 attendentes
863 1714 1151 1746 comminationem
1167 1714 1228 1745 Dei
1244 1717 1278 1745 et
1294 1714 1336 1744 ad
1352 1725 1404 1745 me
1421 1717 1454 1745 et
1471 1714 1514 1744 ad
1530 1723 1589 1744 vos
1606 1713 1738 1745 factam.
1756 1714 1814 1745 Ait
1830 1713 1916 1745 6111111
1932 1714 2091 1746 Dominus

266 1761 334 1811 3,th
344 1761 428 1807 {³153ssst
445 1765 627 1807 unicuique,
648 1767 702 1808 qui
722 1766 864 1798 officium
884 1767 1083 1798 sacerdotale
1107 1767 1264 1809 suscepit:
1290 1766 1339 1798 ‘Si
1363 1767 1608 1798 adnuntiaveris
1631 1767 1743 1808 iniquo
1766 1766 1975 1808 iniquitatem
1999 1778 2092 1799 suam

444 1822 477 1849 et
491 1829 664 1850 conversus
675 1820 772 1851 fuerit
786 1819 837 1851 ille
852 1820 982 1862 iniquus
992 1820 1034 1852 ab
1049 1820 1219 1862 impietate
1235 1831 1303 1858 sua,
1315 1820 1366 1852 ille
1382 1820 1452 1851 vita
1463 1820 1554 1851 vivet
1569 1823 1602 1851 et
1616 1823 1655 1851 tu
1669 1820 1813 1852 animam
1826 1824 1921 1852 tuam
1935 1819 2090 1852 liberasti.

444 1871 489 1902 Et
509 1872 535 1902 si
556 1883 620 1903 non
641 1873 887 1904 adnuntiaveris
906 1874 1019 1915 iniquo
1039 1874 1250 1915 iniquitatem
1270 1885 1363 1906 suam
1384 1877 1418 1905 et
1438 1885 1505 1905 non
1525 1873 1624 1904 fuerit
1643 1884 1818 1905 conversus
1837 1873 1889 1904 ille
1909 1873 2029 1915 impius
2049 1873 2091 1905 ab

445 1924 612 1966 impietate
635 1937 703 1963 sua,
726 1926 793 1967 ipse
816 1927 946 1968 iniquus
968 1927 1002 1958 in
1023 1921 1198 1968 iniquitate
1221 1938 1279 1958 sua
1301 1927 1468 1964 morietur,
1493 1926 1683 1967 sanguinem
1705 1930 1817 1958 autem
1839 1927 1907 1958 61118
1929 1927 1969 1958 de
1991 1938 2090 1959 manu

444 1980 502 2009 tua
523 1978 705 2019 requiram’.
729 1980 943 2021 Quapropter,
965 1981 1081 2011 fratres
1102 1984 1135 2012 et
1156 1979 1223 2018 filii,
1243 1980 1416 2018 attendite,
1440 1980 1516 2021 quia
1531 1979 1619 2011 Deus
1641 1980 1847 2022 omnipotens
1869 1983 1927 2017 est,
1951 1980 2007 2021 qui
2027 1980 2090 2011 ista

445 2030 528 2061 dixit
545 2034 579 2061 et
595 2031 662 2072 ipse
680 2043 738 2063 nos
756 2032 832 2064 fecit
849 2037 882 2064 et
899 2033 967 2074 ipse
984 2045 1042 2064 nos
1060 2034 1207 2071 redemit,
1226 2037 1260 2065 et
1277 2036 1354 2065 ante
1371 2032 1455 2064 illius
1472 2033 1628 2065 iudicium
1646 2044 1757 2065 omnes
1774 2033 1978 2064 adstabimus
1995 2036 2029 2064 et
2045 2032 2090 2064 ibi

446 2084 579 2114 iudicati
595 2085 711 2116 erimus
727 2096 784 2116 nos
800 2087 981 2117 sacerdotes
996 2090 1030 2118 et
1045 2087 1204 2128 principes
1220 2097 1257 2118 ac
1273 2086 1422 2124 seniores,
1440 2087 1495 2127 qui
1510 2096 1569 2118 vos
1584 2086 1758 2118 admonere
1773 2089 1807 2117 et
1821 2086 1980 2127 castigare
1995 2085 2089 2118 debe-

443 2147 525 2174 mus,
549 2140 583 2168 et
606 2148 662 2178 pro
680 2139 797 2169 nostris
814 2150 851 2170 ac
867 2140 984 2171 vestris
1000 2140 1152 2182 peccatis.
1170 2140 1215 2172 Et
1230 2151 1290 2171 vos
1305 2140 1406 2172 etiam
1422 2140 1557 2171 iudicati
1573 2139 1662 2171 eritis
1678 2151 1744 2171 non
1760 2139 1865 2171 solum
1881 2140 1921 2171 de
1937 2139 2088 2181 peccatis,

445 2200 527 2230 quae
552 2190 670 2221 fecistis
693 2195 726 2222 et
748 2203 812 2222 non
835 2193 1050 2233 poenituistis.
1075 2194 1129 2224 sed
1153 2193 1253 2225 etiam
1276 2194 1315 2224 de
1338 2193 1628 2225 ammonitionibus
1650 2196 1684 2224 et
1705 2192 1984 2234 castigationibus
2008 2203 2089 2234 quas

445 2243 694 2284 contempsistis.

231 2303 279 2327 vel.
294 2304 349 2323 Gen.
362 2305 427 2327 2³0,ss-
528 2296 615 2327 Dens
636 2297 851 2338 omnipotens,
874 2299 928 2338 qui
950 2310 1006 2339 per
1027 2311 1078 2330 me
1099 2300 1161 2330 ista
1183 2299 1327 2341 loquitur
1347 2300 1381 2330 in
1402 2300 1535 2331 auribus
1556 2300 1682 2337 vestris,
1705 2310 1761 2340 per
1782 2310 1814 2330 se
1835 2299 1915 2330 haec
1935 2298 2088 2340 loquatur

447 2348 479 2378 in
501 2349 652 2379 cordibus
674 2350 799 2381 vestris.

1233 2497 1301 2525 126.

526 2552 556 2582 H
562 2552 687 2583 inkmm·
705 2554 844 2584 efrfnmlmt
863 2554 969 2593 Konsiq
988 2555 1069 2585 A'arl
1087 2555 1145 2586 den
1161 2556 1285 2587 Kahlen
1302 2576 1345 2579 ψ
1366 2562 1452 2587 (mter
1474 2557 1652 2597 Be'ifilqwnq
1671 2556 1722 2587 des
1746 2556 1863 2594 Brieseo·
1884 2557 1941 2587 ΝΥ.
1958 2557 2018 2588 126
2035 2576 2085 2588 Aa.

441 2604 493 2641 fiir
511 2604 625 2635 bessere
644 2605 914 2637 Rechtssieherhcit
928 2607 980 2637 der
1000 2608 1189 2639 [hafter-zanca
1204 2610 1303 2640 3611163
1322 2609 1449 2641 Reiches
1465 2609 1558 2649 Sorqe
1573 2621 1612 2640 zu
1625 2614 1739 2648 traqerz.
1792 2609 1930 2640 Febrmzr
1953 2609 2023 2640 859.

535 2675 594 2700 Ha:
616 2675 697 2700 Pari-s
714 2676 759 2700 lat.
776 2676 807 2701 13
816 2676 865 2701 70²4
887 2677 928 2701 ΒΖ.
945 2678 1067 2705 71224'77,
1087 2679 1171 2704 93111.
1194 2680 1262 2712 (B),
1283 2680 1372 2705 kollat.
1392 2680 1488 2705 Laelm:

535 2728 646 2753 Drucku:
663 2728 801 2758 Sirmond,
821 2729 930 2754 Hinrnz.
952 2739 1030 2762 opera
1047 2731 1086 2758 ll,
1109 2732 1156 2756 143
1177 2732 1242 2762 ((11ιᾶ-
1262 2733 1313 2763 Β);
1330 2733 1440 2758 Gonsset
1458 2733 1482 2761 I,
1502 2733 1564 2761 265,-
1585 2733 1751 2765 1119116125,
1770 2734 1830 2758 ,θ’-53.

532 2781 641 2805 Nchriirs
667 2781 725 2813 Res).
741 2782 800 2806 130.

2116 765 2143 784 10

2117 1030 2144 1049 16

2117 1296 2143 1314 ¹20

2116 1561 2143 1580 25

2115 1827 2143 1846 30

2113 2093 2141 2112 ³5

2112 2358 2140 2377 40

2110 2786 2137 2805 -15
