2220 3192
49 806 77 828 10

49 1071 75 1092 15

49 1338 76 1358 20

48 2045 74 2065 25

47 2517 75 2538 30

47 2781 74 2802 35

623 231 810 258 HINKMAR
829 232 907 259 VON
927 232 1047 258 REIMS
1070 232 1218 259 136—138.
1683 230 1742 261 107

101 330 185 361 quae
207 318 420 350 ecclesiastico
442 319 562 350 debent
584 320 766 352 examinari
785 332 823 353 ac
844 321 980 353 diffiniri
1002 322 1120 354 iudicio
1142 325 1175 353 et
1196 321 1274 353 alibi
1295 321 1523 353 rationabilius
1543 325 1645 363 atque
1665 333 1740 353 con·
1767 323 1942 354 851—861.

100 372 287 404 venientius
308 382 411 412 quam
431 371 466 403 in
488 368 603 403 eodem
623 372 758 404 concilio
779 377 935 415 poterunt
949 374 1096 407 diffiniri.
1121 379 1159 405 Et
1179 379 1309 412 quisquis
1328 378 1467 412 probatus
1486 377 1576 405 fuerit
1593 386 1659 413 pro
1679 386 1743 405 con-

101 429 236 455 tumacia
255 428 329 454 nolle
349 428 546 462 obtemperare
565 429 721 460 iudicibus,
741 438 806 456 cum
825 430 878 457 hoe
897 432 1006 465 primae
1026 431 1101 458 sedis
1119 433 1254 466 episcopo
1273 431 1362 458 fuerit
1376 432 1541 466 probatum,
1556 431 1607 458 det
1620 432 1743 462 litteras,

101 484 135 508 ut
152 481 248 508 nullus
267 482 293 507 ei
314 482 516 513 communicet,
535 481 625 508 donec
644 482 832 516 obtemperet.
867 480 940 517 Qua
965 481 1004 512 de
1029 492 1062 512 re
1087 485 1201 513 sancta
1219 481 1364 523 synodus
1380 492 1449 519 VOS,
1474 482 1533 522 qui
1559 481 1742 524 primarum

105 531 232 562 sedium
257 531 347 572 regni
364 531 553 571 Aquitanici
581 530 687 568 estisl,
713 532 756 562 ad
781 532 864 563 hanc
890 543 1026 565 causam
1051 533 1280 566 diffiniendam
1306 545 1384 566 cum
1410 534 1608 576 coepiscopis
1625 534 1743 565 vestris

103 588 136 616 et
161 584 327 626 principea
351 595 388 615 ac
414 587 519 615 terrae
544 583 631 615 illius
657 584 854 625 primoribus
882 585 995 626 eligere
1023 586 1162 618 studuit.
1195 586 1344 624 Quorum
1371 586 1563 619 diffinitioni
1588 587 1657 619 sine
1684 598 1742 618 suo

103 637 245 679 periculo
270 641 303 668 et
328 636 680 668 excommunicationis
704 637 887 668 invectione
904 638 1053 679 quisquis
1069 639 1162 670 vobis
1183 639 1409 682 obtemperare
1425 640 1592 672 distulerit
1609 641 1742 672 evadere

101 701 167 722 non
185 689 321 721 valebit.

194 743 300 774 Haecb
324 743 363 774 de
385 742 570 784 evangelica
591 743 731 774 veritate
754 746 788 773 et
809 743 987 785 apostolica
1009 747 1109 784 atque
1131 746 1287 776 canonica
1310 746 1507 778 auctoritate
1530 757 1585 777 seu
1607 746 1742 778 catholi-

102 807 215 828 corum
236 800 386 838 patrumc
407 796 555 828 doctrina
576 800 609 827 et
629 795 816 833 traditione,
839 796 924 827 sicut
945 797 1090 837 synodus
1111 801 1219 829 sacrad
1240 798 1345 836 iussit,
1368 809 1427 840 pro
1449 799 1673 831 mediocritate
1694 799 1742 830 in-

100 849 217 891 genioli
233 849 296 881 mei
308 848 455 891 colligere
468 849 592 881 studui.
605 849 653 880 De
666 849 797 890 quibus,
812 848 897 880 sicut
909 849 1031 887 audivi,
1045 850 1204 890 quonjam
1216 851 1354 891 quidam
1367 851 1504 890 faciunt,
1518 863 1615 884 nemo
1628 856 1743 884 contra

101 914 152 934 me
166 902 263 934 debet
278 902 388 934 irasci:
403 902 481 943 quia
498 913 563 934 non
580 913 651 934 meo
667 913 763 934 sensu
781 913 852 934 mea
865 901 965 933 verba
980 903 1150 944 composui
1167 913 1271 944 neque
1284 904 1372 945 quod
1390 915 1501 936 meum
1516 916 1582 936 non
1597 909 1646 937 est
1663 905 1742 937 mihi

97 967 245 998 arrogare
266 956 471 998 praesumpsi
492 965 596 997 neque
617 955 793 987 statuendo
812 954 865 987 vel
884 955 1093 997 imperando⁶
1114 956 1149 986 in
1168 956 1228 988 hac
1247 967 1346 988 causa
1364 958 1454 998 quod
1474 969 1539 989 non
1559 961 1610 990 est
1631 969 1742 990 meum

97 1009 256 1051 quiddam
282 1009 418 1040 scribere
444 1009 629 1050 procuravi,
657 1008 781 1040 nullius
806 1008 1035 1050 praeiudicans
1060 1011 1190 1041 sanamt
1216 1010 1430 1042 sententiamr
1458 1021 1514 1042 nec
1540 1011 1743 1044 dehonorans

96 1062 333 1094 auctoritatem
350 1066 410 1094 aut
430 1063 471 1094 ad
490 1062 688 1103 obsequendi
707 1072 897 1103 quenquam
916 1073 1027 1103 cogere
1045 1061 1159 1093 volens
1186 1062 1424 1095 necessitatem.
1457 1062 1519 1095 Sed
1544 1074 1621 1096 cum
1645 1064 1742 1096 beato

100 1116 206 1147 Leone
224 1114 384 1147 scribente
401 1116 443 1147 ad
458 1115 635 1147 Rusticum
651 1114 897 1147 Narbonensem
914 1115 1129 1157 episeopum2
1144 1115 1391 1148 dilectissimam
1408 1120 1508 1157 atque
1526 1117 1743 1148 reverentissi-

101 1180 191 1201 mam
211 1169 453 1200 fraternitatem
471 1172 616 1200 Vestram
634 1179 838 1205 commoneo,
860 1172 935 1205 quia,
955 1172 1029 1198 sicut
1049 1172 1190 1205 quaedam
1209 1175 1286 1203 sunt,
1307 1181 1379 1206 quae
1398 1171 1475 1198 nulla
1495 1176 1615 1207 possunt
1634 1173 1742 1200 ratione

100 1225 247 1256 convelliss‚
267 1226 310 1252 ita
330 1225 421 1252 multa
440 1228 517 1256 sunt,
539 1234 610 1259 quae
631 1228 683 1251 aut
702 1233 753 1258 pro
773 1225 998 1251 consideratione
1019 1228 1148 1251 aet-atum
1169 1228 1220 1251 aut
1240 1233 1290 1259 pro
1310 1226 1479 1252 necessitate
1498 1234 1592 1252 rerum
1611 1229 1743 1260 oporteat

98 1279 260 1312 temperari,
276 1279 324 1305 illa
339 1287 450 1312 semper
465 1278 628 1305 condicione
645 1281 768 1309 servata,
784 1280 818 1304 ut
833 1278 862 1304 in
879 1278 931 1308 his,
949 1287 1020 1312 quae
1036 1278 1082 1304 vel
1098 1277 1186 1305 dubia
1202 1278 1308 1305 fuerint
1324 1281 1375 1304 aut
1391 1278 1519 1309 obscura,
1535 1279 1565 1305 id
1580 1280 1742 1305 noverimus

97 1332 283 1366 sequendum,
302 1332 377 1365 quod
395 1341 445 1358 nec
463 1332 620 1366 praeceptis
638 1331 807 1365 evangelicis
825 1332 998 1358 contrarium
1016 1340 1067 1358 nec
1083 1331 1204 1358 decretis
1220 1335 1384 1358 sanctorum
1400 1332 1563 1358 inveniatur
1580 1332 1740 1359 adversum.

877 1515 966 1545 137.*

181 1576 339 1607 Hinkmar
362 1587 404 1607 an
426 1575 606 1614 Erzbz'sehoj
632 1576 793 1616 Remiqins
816 1587 874 1607 von
898 1577 997 1616 Lyon.
1500 1576 1586 1606 Ende
1608 1576 1679 1607 860.

190 1647 302 1673 Schro'rs
324 1647 386 1680 Re9.
401 1647 463 1672 148.

182 1736 289 1777 Reyest
308 1736 396 1767 Flod.
418 1736 501 1767 Hist.
528 1736 613 1767 Rem.
635 1736 703 1767 eccl.
727 1736 797 1771 III,
820 1736 859 1766 21
883 1735 976 1776 (MG.
1000 1735 1057 1767 SS.
1081 1735 1186 1772 XIII,
1209 1735 1286 1776 515)
1296 1746 1306 1766 .·
1328 1734 1430 1767 Item³
1449 1735 1489 1767 de
1508 1735 1744 1766 constitutione

96 1790 263 1822 sinodica⁴¹
283 1794 417 1831 propter
439 1789 729 1821 ecclesiasticarum
751 1800 858 1820 rerum
879 1799 1078 1830 pervasoreS‚
1101 1792 1134 1820 et
1155 1788 1228 1820 alia.

876 1975 965 2006 138*

178 2038 338 2069 Hinkmar
361 2049 403 2069 (m
426 2038 531 2078 Ktm‘q
556 2037 637 2069 Karl
658 2038 717 2068 den
742 2037 874 2068 Kahlen.
1503 2035 1680 2067 851—861.

189 2108 301 2134 Schwrbrs
322 2108 385 2141 Rey.
399 2108 460 2134 143.

182 2197 289 2238 Reqest
306 2197 393 2229 Flod.
416 2197 499 2228 Hist.
523 2197 609 2228 Rem.
630 2197 698 2228 eccl.
721 2197 791 2233 ΙΙΙ,
812 2196 852 2228 18
874 2195 966 2236 (MG.
988 2195 1047 2227 SS.
1069 2195 1173 2232 XIII,
1194 2194 1292 2235 510).·
1311 2194 1420 2227 Item⁵
1438 2194 1478 2227 de
1497 2195 1612 2227 itinere
1630 2195 1673 2227 ad
1693 2206 1742 2226 su-

96 2251 255 2293 periorem
269 2251 451 2288 Franciam,
467 2250 607 2292 qualiter
626 2251 829 2292 disponatur,
846 2253 880 2281 et
894 2250 1058 2290 quomodo
1077 2259 1213 2289 regnum
1230 2248 1320 2280 istud
1338 2248 1526 2280 ordinatum
1545 2248 1742 2280 dimittatur.

180 2475 203 2501 ²²)
229 2472 388 2503 pn‘ncipibus
412 2472 489 2496 Sirm.
585 2471 608 2501 b)
633 2472 707 2495 AR.
726 2474 773 2494 rot:
800 2470 862 2494 XVI
889 2470 920 2494 Β,
1013 2472 1035 2500 ⁰,
1058 2469 1129 2494 Fehlt
1153 2469 1229 2494 Sirm.
1316 2469 1341 2500 d)
1365 2472 1457 2494 sancta
1480 2470 1557 2493 Sirm.
1649 2471 1672 2499 e)
1698 2470 1744 2492 im-

98 2517 224 2547 petrando
243 2517 273 2540 B.
360 2515 379 2546 ἵ)
397 2524 474 2540 sanae
491 2517 635 2540 sententiae
651 2515 728 2539 Sirm.
816 2518 838 2545 g)
855 2514 974 2545 compelli
992 2514 1023 2538 B.

189 2605 215 2635 1)
237 2604 338 2637 Rudolf
358 2613 407 2630 von
428 2604 548 2637 Bourqes
567 2604 623 2629 und
634 2603 731 2629 Froiar
750 2611 800 2628 von
819 2602 973 2628 Bordeaux.
1001 2601 1057 2634 Vql.
1075 2602 1140 2627 oben
1159 2602 1187 2627 S.
1202 2602 1236 2628 88
1251 2602 1282 2627 Ζ.
1296 2602 1330 2628 11
1337 2602 1358 2634 s.
1453 2602 1480 2633 2)
1503 2601 1594 2627 Codex
1609 2609 1744 2626 canonum

100 2648 201 2682 (1609)
231 2648 260 2674 S.
281 2649 375 2681 453s.,·
405 2648 557 2674 Hinschius
582 2648 610 2673 S.
625 2648 676 2673 616
708 2647 804 2680 (J.-K.
823 2646 902 2678 544).
1013 2646 1041 2678 3)
1066 2645 1123 2679 Vyl.
1143 2646 1208 2672 oben
1226 2646 1303 2672 5144
1321 2646 1394 2672 A.4.
1506 2646 1535 2677 4)
1557 2645 1613 2678 Vyz.
1634 2645 1744 2670 Sclzfrffrs

98 2692 126 2717 S.
140 2693 191 2718 571
210 2693 245 2718 A.
259 2693 302 2718 65.
333 2693 385 2718 Die
406 2693 594 2725 Bezuytmlwne
618 2692 667 2724 auf
685 2692 728 2717 die
747 2691 856 2724 Synode,
875 2699 925 2716 von
944 2690 1037 2723 Tru-Sey
1056 2690 1092 2723 (s.
1110 2690 1176 2716 oben
1196 2690 1224 2716 S.
1239 2691 1271 2715 81
1290 2690 1323 2716 Α.
1338 2690 1381 2722 4),
1408 2690 1449 2715 bei
1472 2689 1518 2715 der
1536 2689 1677 2722 Remigius
1699 2697 1742 2714 zu-

98 2745 176 2769 9e9en
200 2745 265 2767 war,
289 2737 350 2770 lieqt
374 2745 403 2762 so
427 2737 505 2767 nahe,
528 2737 583 2769 ᾱαβ
606 2737 652 2762 der
670 2736 747 2767 Bries
765 2735 831 2761 noch
846 2735 906 2759 clem
921 2734 1007 2760 Jahre
1024 2734 1076 2760 860
1092 2735 1253 2767 zuqewiesen
1270 2734 1372 2760 werden
1390 2734 1472 2759 kann.
1581 2734 1609 2765 5)
1626 2733 1684 2758 Fur
1701 2732 1743 2758 die

99 2781 189 2813 Briele
207 2781 257 2806 Nr.
272 2781 415 2807 138—140
432 2781 511 2807 sehen
531 2781 578 2806 wir
603 2781 651 2806 mit
675 2780 787 2806 Solu-&rs
813 2779 841 2805 S.
855 2779 906 2804 571
926 2779 962 2805 A.
975 2778 1010 2804 63
1028 2778 1105 2804 keine
1122 2779 1273 2804 Handlmbe
1298 2779 1372 2804 einer
1396 2786 1508 2811 engeren
1531 2777 1667 2804 zeitlichen
1694 2777 1742 2802 Be-

97 2833 231 2858 9re¹nzunq
253 2825 295 2851 als
318 2825 361 2850 die
383 2825 706 2857 Flodoard-Reilzensolqe
730 2824 775 2849 der
798 2823 944 2849 Schreiben
969 2823 1124 2848 Hinkmars
1147 2832 1184 2848 an
1208 2823 1279 2849 Karl
1302 2823 1353 2848 den
1377 2822 1495 2848 Kahlen.

1481 2875 1530 2900 14*
