2220 3192
309 335 385 361 ⁸137.

256 925 388 948 10b10‚15.

207 1828 309 1851 Vgl.1er.
322 1829 357 1851 52,
369 1829 388 1847 2.

239 2201 390 2223 2.'rin1.4,6.

203 2521 250 2545 Ygl.
264 2520 311 2540 loli.
324 2521 343 2543 Η,
356 2521 389 2539 32.

232 2574 279 2596 Vgl.
293 2574 325 2592 I’s⁴
339 2574 359 2597 Γ),
372 2574 390 2592 7.

408 240 470 269 222
973 238 1159 265 HINKMAR
1179 239 1254 265 VON
1277 239 1397 266 REIMS
1419 240 1478 265 199.

411 335 514 361 fatcor:
533 333 585 359 hoc
603 339 761 364 numquam
777 332 806 356 in
824 339 871 357 cor
890 339 984 357 mcum
1001 331 1137 362 ascendit,
1157 332 1210 364 qui‘
1222 339 1332 365 semper
1348 334 1378 357 et
1395 331 1566 365 apostolicae
1584 331 1644 356 sedi
1661 333 1691 356 et
1708 331 1769 356 eius
1787 331 1952 362 rectoribus,
1971 335 2047 365 post-

406 396 493 421 quam
509 394 552 411 me
569 393 651 411 nosse
668 384 758 418 potui,
775 392 827 417 pro
844 392 906 410 meo
923 385 992 410 scire
1008 386 1038 410 et
1054 392 1135 418 posse
1151 384 1242 410 fidelis
1257 387 1287 410 et
1303 385 1424 410 devotus
1440 387 1470 410 et
1486 384 1602 410 humilis
1618 393 1651 410 ac
1667 383 1814 410 subiectus
1830 385 1923 415 extiti,
1940 392 2003 410 sum
2019 387 2049 411 et

405 441 559 467 adiuvante
579 438 702 464 Domino
723 437 902 471 permanebo.
936 437 1087 471 Privilegia
1106 440 1204 464 autem
1223 438 1297 464 sedis
1316 438 1488 471 apostolicae
1508 445 1566 463 non
1585 437 1649 463 ideo
1670 437 1748 470 petii,
1769 439 1803 463 ut
1824 437 1893 463 mihi
1913 445 1971 464 non
1990 437 2049 464 suf-

405 493 508 521 ficeret,
527 491 603 524 quod
620 491 691 517 sacri
709 498 831 517 canones
848 492 878 517 et
894 490 1008 517 decreta
1025 490 1099 516 sedis
1116 491 1264 517 Romanae
1281 491 1449 525 pontificum
1466 491 1567 524 cuique
1587 489 1737 524 metropoli
1755 490 1814 515 sedi
1833 490 2000 521 concedunt,
2018 494 2048 518 et

404 555 455 572 nec
472 544 527 571 alia
544 543 588 569 vel
606 544 736 577 amplius,
756 552 843 577 quam
859 543 992 570 ecclesiae
1010 543 1165 570 Remorum
1182 544 1327 570 conlatum
1343 546 1388 570 est
1404 552 1439 570 ex
1456 544 1586 577 antiquo,
1605 543 1674 569 mihi
1691 543 1786 577 largiri
1803 543 1962 577 specialiter
1979 544 2049 578 petii

404 607 494 632 neque
514 600 626 631 appeto.
659 597 714 623 Sed
734 598 801 630 quia
819 605 876 623 non
896 597 987 623 solum
1006 597 1132 628 diocesis,
1153 606 1253 623 verum
1271 600 1301 623 et
1320 597 1486 631 parrochiaa
1506 605 1569 622 mea
1587 597 1663 622 inter
1681 596 1738 623 duo
1759 605 1845 630 regna
1864 597 1918 623 sub
1936 597 2048 623 duobus

404 651 515 685 regibus
533 650 655 676 habetur
672 650 766 676 divisa
783 652 813 676 et
830 659 874 676 res
893 650 962 676 mihi
981 651 1146 677 commissae
1165 651 1296 677 ecclcsiae
1315 651 1368 676 sub
1387 650 1543 676 multorum
1562 650 1724 683 principum
1742 652 1886 683 potestate
1905 651 2049 677 coniacere

404 705 547 734 videntur,
565 704 600 729 de
619 703 722 737 quibus
739 706 791 729 aut
808 712 909 737 parum
927 705 978 730 aut
996 703 1065 729 nihil
1083 704 1217 730 utilitatis
1234 704 1351 730 ecclesia
1369 705 1466 729 nostra
1484 705 1579 737 potest
1597 703 1714 729 habere:
1735 702 1819 736 quiab
1838 703 1965 729 veteresb
1983 712 2047 730 con-

404 758 568 784 stitutiones
582 757 640 783 iam
656 756 736 790 quasi
751 765 801 790 pro
816 756 866 782 vili
881 757 958 791 apud
974 757 1113 790 quosdam
1127 757 1277 787 habentur,
1293 757 1337 782 his
1352 757 1434 782 novis
1448 756 1569 782 decretis
1584 756 1713 783 carnales
1726 758 1756 781 et
1771 756 1906 782 animales
1921 756 2049 783 homines

403 811 495 837 territi
514 810 651 844 quiddam
669 810 844 836 reverentius
862 812 962 837 contra
979 810 1126 836 ecclesiam
1142 810 1307 843 indignitati
1328 818 1406 835 meae
1425 810 1606 836 commissam
1624 812 1748 843 agerent.
1780 809 1822 835 De
1842 810 1945 843 quibus
1963 810 2048 844 privi—

403 865 491 898 legiis,
509 872 630 897 quorum
646 863 839 890 defensionem
856 863 925 889 mihi
942 872 999 889 non
1015 872 1124 897 arrogo,
1141 863 1189 889 sed
1206 872 1257 890 nec
1274 863 1309 888 de
1326 863 1388 889 aliis
1405 863 1646 896 quibuscumquec
1664 865 1717 893 est,
1735 863 1812 888 unde
1828 863 1921 889 inflari
1938 863 2049 890 valeam

404 917 449 944 vel
465 917 566 948 efferri,
584 917 641 950 qui,
657 913 700 942 ‘et
716 917 738 942 si
754 917 846 942 iustus
862 916 951 947 fuero,
968 925 1026 942 non
1041 916 1143 943 levabo
1160 919 1255 950 caput,
1273 918 1419 942 saturatus
1436 915 1590 942 afflictione
1607 918 1636 941 et
1654 912 1786 942 miseria’.

495 971 643 996 Postremo
659 970 693 996 de
710 969 796 1004 pallio
812 979 829 996 a
846 978 909 996 mea
925 971 1155 1004 praesumptione
1172 978 1229 995 non
1246 969 1329 995 certis
1346 969 1522 1002 temporibus
1538 972 1568 995 et
1584 969 1666 995 iuxta
1684 977 1791 995 morem
1808 969 1870 995 aliis
1887 969 2047 1003 metropoli-

403 1024 479 1050 tanis
492 1023 622 1049 diffinitis
635 1032 696 1053 uso,
710 1023 785 1049 unde
799 1025 910 1049 vestrae
923 1023 1086 1049 sanctitatis
1099 1023 1214 1049 auribus
1227 1023 1395 1048 intimatum
1407 1030 1466 1048 esse
1479 1022 1646 1056 indignitati
1662 1031 1740 1049 meae
1754 1022 1913 1056 scripsistis,
1927 1023 2048 1049 auctori-

403 1077 459 1103 tati
476 1080 587 1103 vestrae
604 1077 743 1103 veraciter
759 1076 859 1107 fateor,
878 1076 955 1110 quod
971 1079 1001 1102 et
1016 1077 1046 1102 in
1062 1076 1124 1102 istis
1142 1076 1302 1114 regionibus
1320 1084 1369 1109 per
1385 1075 1464 1106 alios,
1482 1076 1505 1101 si
1523 1075 1606 1102 vobis
1623 1075 1772 1109 placuerit,
1789 1076 1889 1103 rescire
1906 1075 2049 1107 valebitis,

404 1131 480 1164 quia,
497 1131 551 1156 nisi
566 1130 596 1156 in
612 1130 657 1156 die
674 1129 778 1156 natalis
794 1129 929 1156 dominici
946 1132 975 1155 et
991 1130 1020 1155 in
1036 1129 1081 1155 die
1098 1129 1231 1156 sanetaed
1248 1129 1460 1155 resurrectionis
1476 1130 1544 1159 eius,
1562 1130 1613 1154 vix
1628 1129 1658 1154 in
1674 1131 1738 1155 toto
1755 1137 1830 1155 anno
1846 1129 1947 1155 eodem
1964 1128 2049 1163 pallio

403 1187 477 1210 utor.
513 1183 654 1215 Quoniam
672 1183 707 1209 de
725 1182 839 1209 illorum
858 1191 974 1209 numero
994 1183 1118 1216 peccatis
1137 1183 1207 1208 meis
1225 1182 1404 1217 exigentibus
1423 1183 1526 1212 sactus,
1546 1182 1581 1208 de
1601 1182 1704 1216 quibus
1723 1183 1861 1216 scriptum
1879 1185 1935 1208 est:

1040 1236 1251 1269 Impedimenta
1271 1236 1374 1262 saeculi

1039 1289 1179 1315 Fecerunt
1198 1297 1246 1315 eos
1268 1289 1392 1319 miseros,

403 1351 466 1369 raro
494 1343 523 1368 in
551 1341 691 1368 decretis⁰
717 1342 933 1372 festivitatibus,
965 1350 1020 1375 quo
1051 1342 1136 1375 pallio
1166 1343 1209 1368 uti
1240 1341 1466 1376 metropolitanis
1496 1341 1669 1372 conceditur,
1695 1342 1725 1367 in
1752 1341 1817 1367 sede
1845 1350 1908 1368 mea
1934 1344 2050 1375 propter

405 1395 509 1422 multas
532 1396 733 1429 occupationes
756 1397 786 1421 et
810 1395 992 1421 necessitates
1016 1395 1148 1421 ecclesiae
1172 1398 1201 1421 et
1225 1396 1302 1429 regni
1327 1403 1386 1421 esse
1414 1395 1483 1420 mihi
1510 1395 1695 1429 permittitur.
1735 1395 1773 1420 Et
1799 1395 1852 1420 nisi
1879 1394 1993 1428 quando
2018 1395 2050 1420 in

403 1449 502 1475 eadem
528 1449 594 1475 sede
620 1457 684 1474 sum
709 1449 739 1474 in
765 1448 885 1474 decretis
912 1448 1128 1480 festivitatibus,
1155 1457 1212 1474 non
1240 1449 1331 1475 solum
1357 1456 1415 1474 non
1441 1447 1571 1478 totiens¹,
1599 1449 1673 1474 sicut
1699 1448 1768 1473 mihi
1804 1455 1967 1474 concessum
1995 1450 2047 1478 est,

403 1511 503 1528 verum
528 1503 577 1528 vix
602 1504 653 1528 aut
678 1510 836 1535 numquam
859 1501 959 1527 eodem
985 1501 1070 1535 pallio
1096 1504 1168 1527 utor.
1208 1502 1261 1528 Pro
1287 1502 1366 1528 cuius
1391 1510 1443 1527 usu
1469 1501 1546 1535 apud
1571 1502 1667 1527 sedem
1692 1499 1879 1535 apostolicam
1906 1501 1946 1527 nil
1970 1502 2048 1535 petii,

404 1556 457 1581 nisi
473 1556 568 1582 sicut&
581 1555 739 1581 decessores
763 1564 795 1581 ac
812 1555 1038 1588 praedecessores
1064 1555 1117 1581 mei
1141 1563 1174 1581 eo
1197 1556 1240 1581 uti
1264 1557 1293 1580 et
1316 1556 1345 1580 in
1368 1555 1493 1588 episcopi
1516 1554 1695 1581 ordinatione
1719 1554 1856 1581 solebant.
1886 1555 1951 1581 Non
1973 1555 2049 1580 enim

403 1617 487 1635 usum
509 1608 586 1642 pallii
611 1617 671 1634 esse
695 1617 773 1634 meae
796 1608 945 1642 dignitatis
969 1611 1048 1642 puto,
1075 1608 1124 1634 sed
1148 1609 1222 1641 genii
1244 1609 1318 1634 sedis
1342 1608 1506 1641 metropolis
1527 1616 1587 1634 esse
1610 1616 1756 1642 cognosco,
1779 1604 1907 1635 dicente
1932 1614 2049 1645 magno

404 1659 509 1690 Leone
528 1658 643 1699 papa1‚
661 1658 830 1699 quoniam,
855 1662 908 1687 etsi
925 1661 1038 1687 diversa
1061 1669 1277 1694 nonnumquam
1294 1664 1361 1687 sunt
1379 1662 1480 1687 merita
1497 1661 1670 1695 praesulum,
1688 1664 1785 1687 tamen
1801 1661 1864 1687 iura
1880 1663 2050 1694 permanent

403 1716 521 1742 sedium.
551 1715 589 1741 Et
613 1723 679 1741 cum
697 1714 779 1741 multi
803 1716 862 1740 sint
878 1715 970 1741 sancti
987 1715 1120 1748 episcopi,
1140 1715 1188 1748 qui
1205 1714 1306 1740 eodem
1324 1714 1409 1748 pallio
1426 1723 1484 1740 non
1502 1717 1632 1745 utuntur,
1657 1723 1715 1741 non
1732 1715 1835 1745 nescio,
1855 1715 1930 1748 quia,
1949 1715 1972 1740 si
1989 1715 2050 1740 sine

405 1769 572 1799 virtutibus,
591 1776 662 1801 quas
678 1771 838 1802 exponente
857 1768 940 1794 beato
961 1767 1094 1801 Gregorio
1112 1768 1229 1801 pallium
1246 1768 1348 1801 signat,
1367 1767 1453 1801 pallio
1470 1770 1545 1797 utor,
1562 1769 1616 1794 etsi
1633 1767 1860 1794 excellentiorem
1877 1768 1977 1794 ceteris
1994 1767 2048 1793 Re-

405 1830 516 1848 morum
535 1822 694 1855 provintiae
713 1821 827 1847 sedibus
848 1821 1027 1855 metropolim
1046 1821 1142 1847 sedem
1161 1821 1238 1854 pallii
1257 1829 1324 1847 usus
1343 1821 1522 1847 demonstrat
1541 1821 1570 1846 in
1589 1821 1677 1847 oculis
1696 1821 1855 1851 hominum,
1875 1829 1932 1847 non
1951 1823 2050 1847 tamen

404 1876 539 1902 maiorem
559 1883 603 1900 me
621 1875 691 1901 facit
709 1875 738 1900 in
757 1874 845 1901 oculis
865 1874 988 1900 Domini.
1020 1874 1058 1900 Et
1077 1875 1216 1900 veraciter
1234 1874 1372 1900 confiteor
1389 1877 1505 1900 sanctae
1524 1877 1636 1900 vestrae
1655 1875 1833 1908 paternitati,
1854 1875 1929 1908 quia,
1948 1875 1972 1900 si
1990 1875 2048 1908 epi—

404 1936 506 1962 scopus
525 1928 673 1954 ordinatus
693 1936 751 1954 non
770 1936 870 1958 essem,
891 1936 948 1954 non
968 1927 1060 1953 solum
1080 1920 1158 1961 pallii
1179 1936 1263 1953 usum
1282 1936 1339 1953 non
1360 1935 1534 1960 quaererem.
1557 1928 1692 1961 quoniam
1712 1928 1769 1954 scio
1790 1928 1849 1953 sine
1869 1927 2048 1954 ordinatione

403 1981 555 2016 episcopali
574 1981 629 2007 fide
648 1983 725 2007 recta
743 1984 773 2006 et
790 1980 923 2014 operibus
942 1980 1023 2006 bonis
1042 1989 1091 2014 per
1110 1981 1162 2007 Dei
1180 1981 1303 2014 gratiam
1321 1981 1412 2007 vitam
1431 1983 1578 2007 aeternam
1598 1989 1642 2006 me
1661 1981 1807 2014 potuisseh
1827 1980 1983 2014 adquirere.
2013 1980 2049 2006 In

404 2036 459 2061 isto
472 2035 583 2061 saeculo
598 2043 766 2068 cognoscens
779 2034 859 2064 illud,
869 2035 943 2060 sicut
957 2034 1041 2060 modo
1056 2042 1201 2067 cognoscO,
1212 2034 1401 2068 episcopalem
1414 2034 1543 2059 ordinem
1556 2042 1613 2059 non
1626 2033 1761 2064 subirem,
1772 2035 1795 2060 si
1809 2035 1901 2060 vitare
1914 2034 2046 2060 valerem.

406 2088 461 2114 Sed
479 2091 509 2114 ct
527 2097 602 2114 nunc
619 2089 687 2118 iam,
706 2084 783 2125 quia
801 2083 906 2115 inulte
926 2094 991 2114 non
1009 2083 1098 2115 valet
1115 2084 1216 2115 deseri
1236 2094 1293 2114 nec
1312 2083 1379 2114 otia
1399 2083 1541 2124 periculo
1559 2087 1692 2114 careant
1711 2094 1769 2114 nec
1788 2083 1922 2121 labores,
1942 2086 2049 2114 sufficit

405 2142 473 2167 mihi
488 2142 584 2167 anima
599 2150 662 2167 mea
676 2150 726 2175 pro
740 2140 838 2175 spolio.
866 2141 925 2174 Ego
939 2141 1015 2166 enim
1030 2141 1127 2167 multis
1141 2140 1265 2167 afflictus
1278 2139 1494 2166 infirmitatibus
1508 2143 1538 2166 et
1552 2142 1648 2166 aetate
1662 2143 1799 2173 gravatus
1813 2149 1846 2167 ac
1860 2141 1968 2166 iniuriis
1982 2140 2047 2166 fati-

406 2191 566 2228 gatus‘iam
577 2194 686 2220 delibor
695 2196 725 2220 et
736 2197 850 2228 tempus
862 2202 940 2220 meae
952 2194 1130 2220 resolutionis
1140 2191 1250 2220 instat’.
1269 2194 1456 2227 Quapropter,
1464 2194 1531 2219 licet
1541 2193 1613 2219 alius
1625 2193 1662 2219 ab
1673 2194 1771 2220 amicis
1783 2195 1852 2219 meis
1860 2193 2008 2227 Cisalpinis
2019 2194 2048 2219 in

405 2247 535 2282 partibus
556 2248 702 2278 Romanis,
722 2250 755 2273 ut
775 2257 792 2274 a
812 2247 909 2273 multis
927 2247 1061 2278 iactatur,
1083 2247 1235 2281 confingar,
1255 2247 1292 2273 ad
1311 2247 1388 2273 aliud
1408 2255 1452 2272 me
1471 2249 1586 2281 oportet
1604 2247 1720 2272 tendere
1740 2249 1769 2272 et
1788 2247 1823 2272 de
1843 2247 1905 2273 aliis
1925 2247 2048 2280 cogitare

406 2309 492 2334 quam
509 2301 592 2327 alicui
611 2309 732 2334 pompae
750 2310 782 2327 ac
797 2301 992 2331 ostentationi,
1009 2301 1125 2327 minime
1140 2303 1237 2327 autem
1254 2301 1284 2326 in
1298 2300 1486 2327 ecclesiastico
1506 2300 1661 2325 ministerio
1679 2307 1721 2326 ex
1740 2306 1802 2326 usu
1822 2295 1912 2337 pallii
1930 2299 2047 2333 adplau-

405 2354 469 2379 dere
491 2356 542 2379 aut
565 2354 648 2379 modo
671 2353 798 2387 quolibet
819 2354 962 2379 inservire.

496 2407 573 2432 Haec
595 2409 702 2437 autem,
725 2406 760 2432 de
783 2407 885 2440 quibus
908 2407 1078 2433 clarissimae
1100 2407 1247 2433 sanctitati
1269 2409 1299 2432 et
1321 2407 1526 2432 famosissimae
1548 2406 1704 2439 sapientiae
1726 2408 1837 2431 vestrae
1860 2406 1966 2439 scripsi,
1990 2413 2047 2431 non

405 2459 441 2485 ad
463 2459 549 2485 ullam
571 2460 792 2485 controversiam
813 2459 857 2485 vel
879 2462 1077 2486 contumacem
1098 2459 1321 2489 resultationem,
1344 2459 1421 2493 quod
1442 2459 1525 2490 absit,
1548 2459 1666 2492 protuli;
1687 2459 1736 2484 sed
1758 2459 1902 2484 animatus
1923 2457 2048 2484 veridica

405 2513 547 2538 sententia
563 2515 683 2543 vestrae,
698 2513 786 2538 immo
802 2512 916 2538 divinae
932 2513 1121 2544 auctoritatis,
1138 2521 1225 2546 quam
1242 2513 1310 2538 mihi
1326 2513 1446 2539 scribere
1462 2512 1571 2546 dignati
1587 2511 1689 2542 fuistis,
1706 2512 1841 2541 dieentes,
1859 2512 1926 2544 quia
1942 2512 2048 2537 veritas

405 2565 513 2595 liberet,
539 2566 716 2591 mendacium
741 2574 806 2591 vero
830 2565 940 2599 perdat,
964 2565 1109 2591 humiliter
1131 2566 1260 2592 veritatis
1283 2566 1475 2592 narrationem
1497 2566 1628 2599 suggessi.
1663 2564 1791 2590 Tandem
1815 2573 1893 2591 meae
1916 2565 2047 2590 servituti

489 2671 512 2698 a)
530 2670 681 2699 parroechia
698 2669 726 2693 C.
814 2668 837 2698 b)
856 2670 900 2699 qui
918 2672 1037 2693 aucteras
1055 2669 1083 2693 C.
1168 2671 1192 2698 ⁰)
1212 2669 1409 2699 quibuscunque
1427 2668 1455 2692 O.
1541 2667 1567 2697 d)
1583 2668 1654 2692 Fehlt
1674 2667 1702 2691 C.
1781 2670 1805 2697 e)
1823 2668 1874 2691 Am
1895 2667 1982 2691 Raude
2002 2674 2048 2691 von

405 2714 472 2736 einer
483 2713 561 2737 Hand
571 2713 613 2737 des
625 2714 738 2737 loz—17.
752 2713 821 2736 stus:
833 2714 924 2737 ceteris
935 2713 963 2736 C.
1042 2712 1061 2742 f)
1080 2716 1117 2737 to·
1129 2713 1174 2743 aus
1188 2714 1248 2737 Rus.
1262 2713 1292 2736 Β.
1372 2715 1396 2742 8)
1408 2714 1472 2736 ·icut
1482 2712 1528 2742 ιιίιΙ
1539 2713 1600 2736 Βαε,
1612 2712 1643 2736 Β.
1727 2711 1751 2742 ¹¹)
1770 2713 1879 2743 potuise,
1896 2719 1932 2735 -se
1946 2711 2008 2735 verb.
2019 2711 2048 2735 C.

500 2793 524 2823 l)
545 2792 591 2817 An
616 2792 647 2817 Β.
672 2792 819 2817 Maximus
841 2800 891 2816 von
914 2792 1069 2821 Antiochia,
1099 2793 1167 2817 Acin
1189 2792 1280 2817 concil.
1305 2800 1438 2817 oecumen.
1471 2791 1509 2816 ed.
1534 2791 1667 2816 Schnurt:
1690 2794 1750 2816 tom.
1771 2790 1812 2818 ΙΙ.
1836 2790 1884 2816 vol.
1908 2790 1956 2820 IV,
1975 2790 2047 2822 737„-

407 2836 502 2868 Miqne
519 2837 562 2863 54,
580 2836 650 2861 1043
672 2836 768 2867 (.J.-K.
789 2835 867 2868 495).

2074 816 2099 834 10

2074 1080 2100 1099 15

2073 1347 2100 1365 20

2072 1611 2100 1630 25

2071 1878 2099 1897 30

2071 2147 2083 2165 3
2086 2146 2098 2164 ὃ

2070 2412 2098 2430 40

2073 2715 2099 2733 1¹5

2200 934 2208 984 —z-
2200 0 2213 936 mmzssfflw
