2220 3192
74 816 102 836 10

78 1081 104 1101 15

73 1351 101 1371 20

76 1617 103 1636 26

72 1883 99 1902 80

71 2148 99 2168 ³5

73 2414 102 2433 40

75 2714 101 2733 45

690 242 876 270 HINKMAR
896 244 974 271 VON
994 245 1114 273 REIMS
1136 248 1194 273 186.
1709 248 1767 276 193

127 328 295 359 Romanae
315 327 522 369 pontificum,
541 329 660 371 quibus
679 331 741 372 ipsi
759 332 903 374 episcopi
921 333 978 364 hos
993 334 1108 365 fratres
1123 335 1360 367 iudicaverunt.
1378 337 1434 373 Et,
1449 337 1507 377 qui
1522 337 1629 368 eidem
1644 338 1766 378 synodo
1791 339 1864 370 866.

128 380 401 422 subscripserunt,
429 392 479 412 me
504 385 634 412 tacente
661 394 786 414 necesse
811 385 976 417 habebant
999 387 1057 418 hoc
1083 391 1237 425 statuere,
1262 390 1351 430 quod
1376 389 1607 421 iudicaverunt
1631 394 1665 421 et
1689 390 1767 422 sub-

127 434 338 476 scripserunt,
357 437 417 465 aut
436 439 535 464 contra
553 438 755 472 professionem
773 443 806 466 et
824 442 1061 476 subscriptionem
1078 452 1173 472 suam
1191 446 1306 472 euntes
1325 443 1506 474 secundum
1526 443 1770 484 Cartaginiense

127 487 322 519 00116111111111
337 498 369 518 86
384 487 503 518 honore
520 488 702 528 privarent;
718 493 752 520 et
767 491 932 532 privilegia
948 493 1030 523 sedis
1045 494 1241 534 apostolicae
1256 495 1398 527 duorum
1414 496 1609 537 pontificum
1619 496 1643 533 2,
1659 496 1769 537 qualia

130 544 209 571 sunt
230 545 264 572 et
285 551 369 581 quae
391 540 682 579 confirmaverunt,
705 543 793 583 quod
816 544 878 584 ipsi
900 545 1043 586 episcopi
1066 547 1305 585 iudicaverunt,
1329 548 1392 589 ipsi
1413 549 1541 580 vidistis
1563 553 1597 580 et
1618 549 1766 581 audistis.

130 594 264 631 Tamen,
280 604 319 624 ne
333 592 524 625 scandalum
539 594 641 631 fieret,
656 599 786 626 secutus
800 597 990 638 exemplum
1003 599 1147 636 Domini,
1161 600 1219 640 qui
1232 600 1317 631 dixit
1329 602 1370 632 ad
1385 601 1536 634 Petrum:
1549 603 1615 633 Nos
1627 613 1763 634 censum
1777 598 1930 649 Vssll‘ffss'ffi‘h·

128 658 194 678 non
212 647 380 684 debemus,
400 647 455 677 sed
474 658 514 677 ne
533 647 792 679 scandalizemus
811 660 875 686 608,
893 650 1044 682 videlicet
1062 653 1119 692 qui
1137 663 1273 684 censum
1291 654 1475 695 exigebant,
1495 656 1536 686 da
1555 659 1712 687 staterem
1730 656 1768 687 de

126 712 179 732 ore
201 700 298 742 piscis
318 711 375 741 pro
397 711 447 731 me
467 704 500 730 61
520 711 578 741 pro
597 704 641 737 te,
661 701 767 732 vitato
787 702 938 734 scandalo
957 707 991 734 et
1010 705 1207 744 praeiudicio
1226 706 1309 737 sedis
1327 707 1534 748 apostolicae,
1556 712 1594 739 ut
1614 719 1679 739 non
1699 720 1768 746 nOS,

127 754 182 785 sed
199 754 302 795 ipsius
318 754 510 791 auctoritaS,
528 753 555 784 si
572 753 723 791 voluerit,
742 754 847 786 solvat
864 760 898 786 et
914 757 1070 786 inmutet³
1085 768 1179 789 suani
1197 764 1378 794 sententiam,
1395 771 1497 801 quam
1514 760 1628 802 ligavit
1645 765 1678 792 et
1694 773 1768 792 con-

128 807 284 844 firmavit,
303 807 497 838 servandam
514 807 582 838 vidi
599 806 779 839 ‘unitatem
797 809 932 849 spiritus
951 810 985 840 in
1002 809 1133 841 vinculo
1154 811 1265 852 pacis’,
1284 812 1433 843 similiter
1451 818 1484 844 61
1502 814 1536 844 111
1554 814 1612 845 hoc
1632 815 1716 845 sicut
1734 818 1767 845 61
1781 823 1842 847 Eph.
1854 824 1874 848 4,
1885 823 1906 843 a.

127 860 183 898 ibi,
206 864 243 891 ut
263 859 394 892 nullum
413 871 469 901 ego
490 860 651 901 scriptum
674 861 808 892 mittam
829 873 885 892 nec
905 873 962 893 vos
982 862 1072 894 aliud
1092 864 1240 904 portetis,
1262 865 1322 896 nisi
1342 867 1429 906 quod
1448 877 1525 897 cum
1545 878 1614 908 rege
1634 871 1668 898 61
1693 879 1767 900 011111

127 914 287 955 episcopis
308 913 400 945 nobis
419 913 584 944 convenit.

217 967 341 998 Eamus
357 966 559 1008 simpliciter,
570 966 660 1008 quia,
674 967 760 997 sicut
775 967 935 1008 scriptura
950 968 1041 1005 dicit,
1055 968 1125 1010 ‘qui
1140 969 1289 1001 ambulat
1305 970 1504 1011 simpliciter,
1521 972 1667 1004 ambulat
1681 983 1754 1004 con·
1771 983 1836 1003 Prov.

129 1020 287 1052 fidenter.⁵
309 1020 370 1051 Sed
391 1021 417 1051 si
438 1020 547 1052 locum
568 1020 725 1057 videritis,
747 1020 868 1051 domno
895 1021 1072 1062 apostolico
1100 1023 1223 1063 aperire
1244 1023 1378 1060 debetis,
1406 1024 1563 1064 quoniam
1586 1025 1681 1056 multi
1702 1025 1769 1057 iam

126 1073 253 1111 dicunt,
275 1074 301 1104 si
323 1073 378 1104 illa
395 1074 488 1105 firma
507 1084 572 1104 non
589 1074 734 1110 fuerunt,
751 1084 834 1114 quae
851 1078 931 1105 tunc
948 1074 1021 1105 inde
1037 1075 1231 1106 confirmata
1254 1076 1366 1109 8111114,
1392 1087 1447 1107 1160
1471 1078 1545 1115 1813,
1567 1089 1649 1118 quae
1674 1079 1768 1109 modo

126 1127 223 1164 fiunt,
242 1126 337 1158 firma
356 1131 464 1158 erunt.
495 1127 540 1158 Et
560 1126 641 1158 nihil
660 1130 709 1157 est
728 1127 795 1158 iam
817 1127 961 1164 firmum,
976 1128 1065 1168 quod
1079 1128 1221 1169 episcopi
1236 1132 1270 1159 et
1283 1129 1462 1170 apostolica
1476 1131 1565 1161 sedes
1579 1131 1767 1163 decernunt.

124 1180 237 1221 Neque
256 1181 295 1211 de
316 1181 434 1212 nostris
453 1180 581 1211 iudiciis
601 1191 657 1211 nec
677 1180 779 1211 etiam
797 1181 835 1211 de
855 1181 1195 1212 excommunicatione
1213 1186 1346 1220 curant;
1367 1193 1423 1214 nec
1444 1183 1621 1224 presbyteri
1640 1195 1658 1214 a
1678 1184 1769 1215 nobis

125 1234 292 1274 degradati
311 1245 369 1275 pro
389 1238 499 1264 nostro
518 1234 637 1264 iudicio
655 1244 754 1264 suum
782 1234 1002 1265 ministerium
1026 1234 1209 1272 dimittent,
1233 1235 1310 1275 quia
1337 1235 1416 1266 nihil
1440 1240 1489 1266 est
1514 1236 1658 1273 firmum,
1682 1238 1769 1278 quod

125 1287 264 1328 agimus,
283 1288 349 1324 sed,
369 1287 454 1318 sicut
470 1287 545 1319 vult
562 1298 618 1318 rex
641 1290 675 1317 et
698 1287 784 1318 sicut
809 1298 866 1317 nos
889 1291 949 1318 aut
965 1287 1078 1318 odium
1104 1292 1213 1318 movet
1235 1292 1294 1319 aut
1317 1289 1421 1329 gratia
1443 1292 1503 1320 aut
1525 1290 1688 1331 cupiditas
1710 1294 1770 1321 aut

125 1340 299 1377 timiditas,
317 1340 364 1371 ita
380 1344 414 1371 et
431 1344 542 1371 nostra
557 1344 590 1371 et
603 1340 801 1381 apostolicae
817 1341 900 1371 sedis
915 1341 1043 1372 vadunt
1058 1341 1187 1372 iudicia.
1213 1341 1257 1372 Et
1272 1342 1429 1373 recordari
1443 1342 1566 1373 debetis
1580 1342 1768 1384 apostolico,

124 1393 266 1434 qualiter
288 1394 326 1425 de
350 1405 410 1424 sua
431 1394 774 1425 excommunicatione
797 1398 830 1424 61
854 1394 1002 1435 propriae
1026 1405 1142 1425 manus
1164 1395 1411 1426 confirmatione
1434 1395 1510 1426 fecit
1533 1395 1734 1427 Guntharius
1743 1396 1766 1427 ⁵.

125 1447 198 1485 Qua
224 1448 262 1478 de
285 1458 317 1477 re
341 1448 582 1488 providendum
598 1451 648 1478 est
664 1447 698 1477 in
715 1447 848 1483 talibus,
865 1448 942 1488 quia
959 1447 1026 1478 iam
1042 1447 1189 1478 homines
1207 1447 1281 1489 plus
1298 1447 1431 1489 proclivi
1448 1452 1481 1479 et
1496 1448 1673 1480 voluntarii
1689 1453 1768 1480 sunt

124 1501 166 1532 ad
182 1501 319 1542 impune
338 1501 541 1542 peccandum
562 1511 664 1541 quam
685 1501 727 1531 ad
748 1499 929 1541 regularem
949 1499 1158 1542 disciplinam
1179 1501 1419 1542 suscipiendam
1439 1506 1473 1532 et
1493 1502 1739 1534 observandam.

214 1554 258 1585 Et
277 1554 303 1585 si
317 1554 459 1585 domnus
474 1553 673 1596 apostolicus
687 1565 706 1585 a
720 1554 813 1585 vobis
832 1554 1009 1595 quaesierit
1028 1554 1114 1595 ipsas
1134 1555 1359 1591 auctoritates,
1379 1554 1519 1595 qualiter
1539 1555 1593 1586 isti
1612 1555 1767 1586 deiciendi

125 1607 261 1638 iudicati
278 1608 424 1645 fuerunt,
443 1608 591 1649 potestis,
608 1608 635 1638 si
650 1607 742 1638 vobis
758 1607 901 1644 videtur,
918 1607 966 1638 illi
982 1608 1184 1648 respondere,
1202 1608 1279 1648 quia
1297 1608 1496 1639 unanimiter
1512 1608 1654 1650 episcopi
1671 1619 1768 1639 suum

125 1661 275 1692 studium
294 1661 336 1692 ad
356 1661 415 1692 hoc
435 1664 681 1697 converterunt,
705 1664 742 1691 ut
762 1661 817 1692 isti
839 1661 954 1692 fratres
976 1661 1237 1692 restituerentur.
1268 1661 1361 1692 Unde
1382 1661 1428 1692 illi
1451 1661 1610 1692 miserunt
1629 1662 1768 1692 auctori—

124 1718 241 1751 tatem,
257 1725 359 1755 quam
375 1715 584 1746 invenerunt.
610 1714 655 1745 Et
669 1714 747 1755 quia
764 1725 829 1745 non
846 1714 910 1745 fuit
925 1725 1039 1745 eorum
1054 1714 1215 1751 studium,
1233 1718 1270 1744 ut
1285 1715 1319 1745 in
1334 1714 1512 1745 deiectione
1529 1718 1768 1756 permanerent,

124 1766 196 1799 illas
210 1768 426 1799 auctoritates
441 1779 607 1799 sacrorum
621 1778 788 1799 canonum
803 1771 836 1797 et
850 1768 1055 1798 decretorum
1071 1767 1266 1804 Innocentii,
1284 1768 1414 1804 Zosimi,
1431 1768 1558 1804 Leonis,
1573 1778 1656 1808 quae
1671 1778 1769 1808 supra

123 1821 229 1852 dictae
248 1825 327 1852 sunt
339 1822 352 1841 θ
372 1825 405 1852 61
424 1820 471 1853 1111
490 1821 569 1852 83118
587 1821 748 1862 cognitae,
768 1821 796 1852 ei
815 1821 1039 1852 transmittere
1057 1821 1249 1852 omiserunt.
1279 1821 1326 1851 De
1344 1831 1485 1861 quorum
1504 1821 1721 1857 restitutione,
1741 1820 1767 1851 si

124 1873 284 1906 Vulfadus
298 1875 332 1906 in
344 1886 442 1906 causa
457 1886 523 1905 non
538 1875 632 1911 foret,
646 1875 725 1906 satis
738 1874 870 1905 60016813
887 1874 1038 1905 indurare
1057 1875 1227 1915 potuisset,
1242 1878 1290 1911 qui
1299 1874 1311 1893 7
1324 1878 1398 1903 inter
1411 1877 1559 1904 canonicos
1571 1880 1601 1903 et
1615 1877 1767 1903 monachos

124 1932 247 1958 urbanos
266 1934 296 1957 et
315 1932 516 1966 parrochianos
536 1940 593 1958 una
613 1940 678 1958 cum
699 1931 821 1958 vulfado
848 1939 904 1957 non
926 1933 994 1957 sunt
1013 1932 1135 1964 amplius
1155 1939 1241 1964 quam
1260 1939 1372 1956 novem.
1404 1926 1471 1967 Ego
1491 1927 1561 1957 dico
1581 1927 1667 1968 quod
1689 1926 1767 1957 mihi

123 1982 254 2013 videtur
271 1982 419 2013 caritatis
437 1981 574 2019 affectu3
594 1985 703 2012 vestra
721 1985 835 2012 autem
856 1980 1029 2022 prudentia
1048 1984 1081 2011 et
1100 1980 1141 2011 ad
1161 1980 1237 2011 11360
1256 1983 1289 2010 61
1307 1981 1348 2011 ad
1368 1979 1462 2020 plura
1480 1978 1543 2010 alia
1560 1979 1628 2010 Deo
1647 1979 1767 2019 gratias

124 2035 202 2066 satis
223 2035 376 2066 sufficiet.
401 2035 481 2066 Peto
501 2035 613 2072 etiam,
638 2039 675 2065 ut
695 2035 736 2066 ad
757 2035 828 2071 1100,
849 2034 937 2075 quod
957 2034 1098 2064 domnus
1119 2032 1317 2074 apostolicus
1340 2033 1418 2064 mihi
1439 2032 1568 2074 scripsit
1587 2033 1625 2063 de
1646 2032 1766 2063 duritia

126 2088 314 2125 Pharaonis,
337 2088 423 2119 sicut
445 2088 479 2119 in
501 2087 640 2130 epistola
662 2088 740 2119 mihi
765 2088 861 2119 missa
884 2086 1027 2127 legetis⁸.
1050 2087 1079 2117 ei
1101 2097 1143 2117 ex
1164 2086 1275 2117 ordine
1296 2086 1485 2121 condicatiS,
1507 2096 1608 2126 quam
1629 2085 1765 2125 benigne

124 2142 253 2173 eosdem
268 2142 383 2172 fratres
397 2146 430 2173 et
444 2147 530 2172 antea
543 2148 573 2172 et
587 2148 688 2179 postea.
701 2141 841 2172 tractavi
851 2140 875 2177 ⁹,
888 2140 972 2171 sicut
985 2150 1095 2170 coram
1109 2140 1188 2181 ipsis
1202 2139 1236 2170 in
1251 2139 1362 2170 sinodo
1376 2138 1596 2180 comprobavi,
1612 2149 1651 2168 ne
1665 2137 1766 2169 talem

126 2206 177 2226 me
194 2195 358 2232 aestimet,
377 2196 463 2226 sicut
482 2206 532 2226 me
550 2194 673 2226 aemuli
693 2194 754 2226 mei
774 2194 820 2225 illi
838 2194 1032 2235 depingunt.

213 2248 258 2279 Et
273 2248 388 2280 habete
404 2248 605 2290 exemplaria
621 2249 659 2279 de
676 2247 814 2289 epistola
824 2246 971 2287 synodali
987 2250 1020 2276 61
1035 2246 1073 2276 (16
1091 2256 1161 2276 11163
1177 2244 1359 2286 epistolam,
1372 2248 1421 2282 ut,
1431 2244 1458 2275 si
1468 2243 1568 2285 aliqui
1584 2244 1658 2274 inde
1673 2243 1765 2284 quid-

124 2302 201 2333 dam
221 2300 386 2333 voluerint
406 2302 521 2339 dicere,
544 2306 721 2344 postquam
742 2301 812 2331 illas
832 2298 1010 2341 apostolico
1031 2298 1193 2334 dederitis,
1215 2297 1360 2329 habeatis
1380 2308 1494 2328 earum
1514 2295 1713 2337 exemplaria
1733 2300 1766 2327 et

123 2355 270 2386 habeatis
287 2366 340 2387 eas
357 2354 438 2386 bene
456 2355 614 2397 cognitas.
643 2354 799 2386 Similiter
817 2353 965 2393 satagite,
986 2356 1023 2382 ut
1040 2351 1112 2382 illas
1128 2350 1294 2392 epistolas,
1312 2361 1393 2391 quas
1410 2351 1552 2381 domnus
1569 2348 1767 2391 apostolicus

124 2409 162 2440 de
183 2409 247 2440 ista
266 2419 364 2440 causa
385 2409 488 2440 facere
509 2408 646 2445 iubebit,
668 2408 792 2448 legatis,
813 2410 993 2447 antequam
1013 2405 1076 2436 huc
1099 2405 1288 2441 mittantur,
1310 2415 1349 2435 ne
1370 2403 1514 2444 aliquem
1534 2402 1647 2434 dolum
1667 2402 1701 2433 in
1721 2402 1766 2433 eis

124 2462 308 2503 scriptores,
327 2463 412 2493 sicut
429 2463 585 2493 dicuntur
604 2462 717 2498 facere,
738 2460 863 2502 possint
881 2459 1059 2500 imponere.
1087 2458 1131 2489 Et
1150 2469 1215 2488 non
1232 2457 1482 2493 obliviscamini,
1503 2460 1540 2486 ut
1558 2456 1684 2487 faciatis
1701 2466 1765 2486 cer-

1782 1444 1832 1469 Vgl.
1845 1445 1911 1466 Prov.

1808 1473 1842 1496 12,
1854 1473 1889 1493 2².

218 2579 243 2609 l)
264 2577 418 2602 Hinschz'us
434 2577 462 2602 S.
478 2577 531 2602 296
548 2585 568 2602 c.
584 2576 626 2602 13.
703 2576 730 2607 2)
754 2574 898 2600 Benedilcts
910 2573 971 2599 III.
986 2573 1043 2598 und
1056 2573 1201 2598 Nikolaus’
1213 2572 1249 2602 L,
1267 2572 1315 2604 vyl.
1329 2571 1394 2597 oben
1407 2571 1436 2597 S.
1450 2571 1503 2596 192
1518 2570 1548 2596 Ζ.
1562 2570 1606 2603 (is.
1623 2569 1679 2595 und
1691 2570 1724 2594 A.
1737 2570 1763 2594 5.

126 2622 155 2653 3)
172 2621 228 2654 Vql.
241 2621 318 2647 Decr.
331 2621 425 2647 Innoc.
439 2621 474 2651 Ι.,
496 2621 587 2646 Codex
602 2628 737 2646 wnonum
750 2618 852 2651 (1609)
867 2618 895 2643 S.
909 2617 962 2643 384
977 2627 998 2643 0.
1011 2618 1046 2642 57
1065 2616 1220 2650 (Rubrik);
1236 2616 1388 2641 Hinschius
1398 2615 1426 2640 S.
1436 2615 1489 2640 549
1504 2623 1526 2640 c.
1542 2615 1556 2640 7
1575 2614 1670 2647 (J.—K.
1684 2613 1763 2645 303).

126 2667 154 2697 4)
173 2665 293 2691 Gemeint
308 2665 372 2691 sind
399 2665 443 2691 die
469 2665 605 2698 lrviheren,
633 2666 883 2696 eutyeyenqesetzten
905 2661 1140 2693 Enescheidunqen
1162 2661 1192 2686 in
1213 2660 1259 2686 der
1279 2659 1364 2685 Sache
1385 2659 1430 2685 der
1454 2659 1575 2684 Reimser
1595 2657 1763 2683 Geistliclzen.

125 2711 153 2741 5)
174 2710 229 2735 Der
246 2710 298 2735 863
319 2718 367 2735 von
383 2710 520 2735 Nikolaus
535 2710 559 2734 Ι.
582 2709 722 2741 abyesetzte
736 2707 784 2732 ΕΙ).
802 2715 850 2732 von
865 2706 939 2731 Κϋῖη.
961 2705 997 2738 (8.
1012 2705 1077 2730 oben
1098 2704 1126 2730 S.
1140 2705 1173 2729 81
1194 2705 1229 2730 A.
1244 2704 1284 2737 7).
1306 2719 1342 2722 —
1365 2703 1418 2735 an.
1441 2703 1515 2728 Αἠη.
1541 2702 1642 2727 Βετιίη.
1659 2701 1709 2726 864
1724 2700 1763 2725 ed.

123 2754 208 2780 Waztz
222 2754 250 2780 S.
264 2754 299 2780 67
305 2754 333 2788 ff.
340 2763 350 2783 ;
369 2754 468 2781 Perels.
489 2754 576 2787 Papst
592 2753 730 2779 Nikolaus
746 2751 770 2776 I.
788 2751 844 2776 und
861 2750 1028 2776 Anastasius
1046 2748 1271 2774 Bibliotheoarius
1286 2748 1314 2773 S.
1328 2748 1362 2773 87
1369 2747 1397 2781 ff.
1492 2748 1519 2778 6)
1540 2746 1568 2771 S.
1588 2746 1652 2771 oben.
1671 2745 1764 2770 §1192

123 2798 153 2823 Z.
168 2798 210 2824 18.
301 2800 328 2830 7)
348 2798 377 2824 S.
393 2798 457 2824 oben
471 2798 521 2823 Nr.
534 2798 586 2823 155
601 2797 630 2822 S.
644 2797 695 2822 139
707 2796 737 2821 Ζ.
751 2794 812 2827 211.
906 2795 933 2825 8)
952 2793 1072 2819 6671161111
1085 2792 1204 2826 offenbar
1218 2792 1282 2818 ΜΘ.
1298 2792 1385 2825 Epist.
1404 2791 1451 2820 VI,
1467 2791 1519 2816 406
1540 2790 1570 2815 Ζ.
1584 2790 1651 2822 12ff.
1668 2789 1717 2814 Nr.
1732 2789 1764 2814 74

128 2842 220 2875 (J.-E.
236 2842 333 2875 2802).
445 2843 473 2874 9)
490 2842 545 2874 Vql.
567 2841 632 2867 oben,
653 2841 702 2866 Nr.
718 2841 767 2865 13¹5
787 2839 815 2864 S.
830 2839 881 2864 189
899 2838 929 2863 Ζ.
943 2837 976 2863 25
996 2837 1053 2862 und
1070 2837 1104 2862 A.
1117 2837 1141 2861 9.
1257 2837 1299 2867 10)
1319 2836 1347 2861 S.
1367 2835 1432 2860 oben
1452 2834 1480 2860 S.
1495 2835 1546 2859 191
1569 2834 1602 2859 Α.
1616 2834 1640 2858 4.

212 2891 378 2917 Enswomz
397 2891 481 2917 VIII.
1517 2883 1553 2908 25
