2220 3192
259 292 317 320 ⁸57

461 198 498 226 54
1032 194 1219 221 HINKMAR
1239 193 1318 219 VON
1339 191 1459 218 REIMS
1483 192 1542 218 108.

360 292 432 319 558.
459 292 551 317 voluit
569 292 667 317 serviri
686 290 806 321 regibus,
826 289 918 314 voluit
932 287 1065 313 honorari
1078 294 1156 318 reges
1175 287 1205 310 et
1219 285 1305 310 dixit:
1325 281 1445 316 ‘Regem
1464 280 1670 310 reveremini⁸³.
1690 283 1757 309 Noli
1776 283 1880 310 dicere:
1906 283 1980 314 Quid
2001 283 2069 310 mihi
2083 287 2113 310 et

261 341 278 357 ¹·
295 338 355 358 pm·
372 339 391 359 ²·
410 339 444 357 ¹⁷·
460 345 539 377 regi?
560 343 632 374 Quid
648 343 699 368 tibi
714 350 779 375 ergo
793 344 823 366 ot
836 340 1026 374 possessioni?
1042 339 1095 365 Per
1108 338 1170 364 iura
1184 334 1283 370 reg'um
1296 336 1479 370 possidentur
1492 336 1698 369 possessionem
1719 331 1776 363 etb
1790 332 1825 363 in
1840 343 1988 364 sermone
2001 333 2111 364 ΥΠ.Ῑί

460 397 534 423 Iuris
548 397 622 422 onim
637 395 754 421 forensis
768 396 821 423 est,
835 396 869 419 ut
883 393 931 426 qui
944 393 974 418 in
989 386 1204 429 petitionibus
1219 390 1357 415 mentitus
1366 389 1378 404 0
1391 388 1487 419 fuerit,
1502 397 1560 414 non
1573 388 1613 414 illi
1627 389 1718 422 prosit
1732 389 1809 422 quod
1823 388 1991 422 inpetravit.
2007 389 2112 415 Dixisti

459 451 532 476 enim
553 448 629 481 quod
649 447 763 472 voluisti
781 449 812 471 et
831 446 875 470 cui
893 445 1006 473 dixisti;
1025 444 1116 469 nescit
1134 452 1171 469 an
1190 451 1290 468 verum
1310 442 1361 472 sit3
1380 441 1491 467 dimisit
1509 444 1537 467 te
1557 441 1722 468 adversario
1741 445 1793 468 tuo
1813 442 2051 473 convincendum,
2069 445 2112 473 ut,

458 498 503 527 sid
525 496 614 527 anted
636 500 757 525 iudicem
779 498 926 524 convictus
948 496 1034 523 fueris
1056 496 1090 521 de
1108 495 1263 525 mendacio,
1279 495 1319 520 ibi
1341 503 1449 520 careas
1470 495 1533 528 ipso
1555 494 1692 520 beneficio
1712 495 1852 528 rescripti,
1875 503 1933 528 quo
1954 495 2115 528 perduxisti
2138 505 2150 524 5

459 555 625 587 rescriptum
635 548 657 578 b.
682 548 726 579 Et
746 546 859 578 sacries
883 550 1044 577 canonese
1061 549 1183 586 atquess
1202 545 1330 575 decreta
1349 543 1549 585 pontificum
1566 544 1816 575 Romanorum¹
1843 543 2036 576 multotiesh
2054 555 2112 586 pro

458 604 576 634 honore
595 605 628 632 et
646 604 735 632 statu
755 599 906 631 ecclesiae
923 598 1014 640 apud
1032 608 1120 638 reges
1138 597 1309 638 satagere*
1329 607 1388 627 nos
1406 596 1521 628 debere
1539 597 1732 634 ostendunt,
1752 597 1838 628 sicut
1855 597 1914 638 qui
1932 596 2046 638 legerit
2064 597 2111 628 in-

458 656 565 686 venire
589 653 721 685 valebit.
752 652 797 684 Et
820 652 937 683 beatus
962 650 1134 692 Gregorius
1157 649 1451 682 commonitorium
1474 650 1517 682 ad
1540 650 1724 682 Iohannem
1748 650 1953 682 defensorem
1977 654 2113 682 euntem

458 707 509 739 ini
535 706 712 748 Hispanias
735 709 848 737 totum
871 705 910 736 de
934 703 1059 745 legibus
1082 703 1310 745 imperialibus
1333 703 1375 734 ad
1398 703 1634 735 correctionem
1657 707 1691 734 et
1714 703 1991 735 constitutionem
2015 703 2111 735 00010-

458 761 662 792 siasticarum
680 757 935 789 sanctionum*’¹‘
953 757 1169 798 composuit2.
1194 756 1239 788 Et
1257 755 1455 787 Toletanum
1472 755 1650 787 concilium
1668 756 1703 787 in
1720 767 1897 788 causarum
1914 756 2114 788 diffinitione

457 817 550 850 legum
562 819 592 842 et
606 824 747 842 canonum
760 814 922 841 sententias
935 809 1042 841 iubet⁸
1054 813 1178 846 exquiri.
1192 807 1456 841 Oboediendumk
1466 819 1539 850 ergo
1554 809 1647 840 nobis
1660 813 1710 840 est
1723 809 1852 850 regibus
1862 810 1997 851 pietatis
2006 809 2113 841 cultui

457 870 489 897 et
510 865 661 905 religione
684 868 717 896 et
738 865 807 896 iure
829 868 862 894 et
884 863 999 894 solatio
1022 862 1250 894 servientibus.
1281 863 1435 894 Ceterum
1456 862 1495 893 de
1516 862 1587 900 hoc,
1612 862 1698 893 unde
1720 862 1770 894 hic
1794 873 1899 894 sermo
1921 862 2112 904 praestituit

456 919 584 955 adoriri,
606 918 788 949 exordium.

1265 1021 1297 1053 b.

549 1086 638 1117 Haec
654 1090 703 1117 est
718 1085 880 1117 ordinatio
897 1088 930 1116 et
946 1088 1093 1126 potestas
1108 1084 1253 1125 episcopi
1269 1084 1308 1115 de
1324 1084 1547 1125 parrochianis
1562 1083 1730 1120 ecclesiis¹‚
1754 1087 1788 1115 et
1802 1095 1905 1125 quam
1922 1083 2018 1125 plura
2034 1089 2114 1116 sunt

455 1139 530 1177 alia,
546 1150 631 1181 quae
647 1139 689 1171 ad
704 1138 946 1170 ordinationem
963 1141 996 1169 et
1013 1140 1215 1179 potestatem
1232 1136 1377 1178 episcopi
1393 1137 1432 1168 de
1449 1136 1592 1168 ecclesiis
1608 1137 1789 1178 pertinent,
1806 1147 1892 1178 quae
1907 1137 1959 1169 hic
1976 1137 2114 1178 longum

457 1193 522 1224 fuit
540 1192 632 1223 nobis
650 1192 787 1223 inserere
801 1201 950 1232 quaeque
967 1190 1020 1222 ille
1031 1190 1125 1222 facile
1137 1194 1246 1232 potest
1263 1194 1297 1221 et
1311 1190 1432 1222 discere
1449 1194 1483 1221 et
1500 1189 1642 1228 docere⁴‚
1660 1190 1718 1232 qui
1737 1190 1882 1232 pietatim
1899 1189 2063 1231 religionis
2080 1194 2113 1222 et

456 1245 620 1276 honestati
642 1245 900 1276 conversationis
922 1254 959 1275 ac
982 1244 1151 1275 custodiae
1173 1243 1323 1275 caritatis
1345 1247 1379 1274 et
1403 1243 1493 1285 pacis
1515 1243 1589 1274 vult
1613 1243 1765 1275 studium
1788 1243 1926 1275 sollicite
1948 1243 2111 1275 adhibere.

457 1298 489 1330 Si
511 1299 545 1330 in
565 1298 626 1335 his,
645 1309 730 1339 quae
749 1298 907 1334 diximus,
927 1307 1005 1328 cum
1024 1296 1097 1328 aliis
1115 1297 1157 1328 ad
1178 1308 1210 1328 se
1230 1296 1476 1338 pertinentibus
1495 1296 1576 1328 satis
1596 1308 1662 1328 non
1681 1296 1781 1328 habet
1800 1297 1839 1328 de
1860 1300 2026 1338 potestate
2045 1296 2111 1338 epi-

456 1362 584 1393 scopus,
607 1352 648 1382 ad
669 1362 754 1392 quae
776 1351 863 1382 intra
885 1350 1032 1382 caritatis
1054 1350 1213 1382 terminos
1236 1361 1268 1381 se
1290 1349 1394 1391 possit
1415 1350 1602 1387 extendere,
1625 1350 1789 1391 requirat¹1
1810 1350 1901 1391 apud
1924 1349 2111 1391 metropoli-

455 1408 575 1436 tanum
592 1415 691 1436 suum
707 1403 759 1435 vel
775 1404 809 1435 in
827 1404 963 1445 synodO,
980 1407 1118 1435 tantum
1136 1407 1173 1434 ut
1190 1403 1311 1434 divinis
1327 1402 1446 1444 regulis
1464 1413 1531 1434 non
1548 1402 1607 1434 flat
1622 1403 1840 1440 contrarium,
1857 1406 1890 1434 et
1906 1403 2059 1445 accipiat,
2077 1403 2113 1434 in

455 1457 577 1498 quibus
598 1457 790 1498 appetitum
813 1468 912 1488 suum
933 1456 1043 1488 valeat
1066 1457 1265 1498 potestative
1288 1456 1482 1488 distendere.

546 1510 634 1542 De05
655 1510 716 1548 his,
740 1510 826 1541 unde
849 1510 1000 1547 iussistis,
1021 1510 1153 1541 domine
1178 1509 1298 1541 Karole
1320 1520 1378 1540 rex
1400 1509 1566 1550 gloriosev.
1590 1513 1691 1551 prout
1713 1510 1820 1550 potui,
1844 1510 1963 1541 iuxtaq
1985 1509 2112 1551 capaci-

456 1567 561 1595 tatem
585 1575 697 1594 sensus
720 1564 784 1595 mei
806 1574 847 1594 ex
870 1567 1005 1605 patrum
1027 1563 1332 1600 constitutionibus,
1357 1563 1442 1594 sicut
1464 1569 1518 1594 eat
1546 1563 1581 1594 in
1601 1562 1785 1594 Remorum
1808 1562 1976 1604 parrochia
2004 1566 2111 1594 custo-

457 1617 567 1648 dimus
587 1628 606 1648 a
629 1617 748 1648 nostris
769 1617 871 1648 etiam
894 1616 1192 1658 praedecessoribus
1213 1620 1422 1648 conservatas
1437 1620 1457 1653 ⁸,
1493 1615 1630 1648 scribere
1652 1616 1837 1657 procuravi,
1867 1626 1934 1646 non
1954 1616 2049 1657 quasi
2072 1626 2113 1646 ex

459 1681 530 1701 meo
550 1669 705 1710 singulari
725 1670 794 1701 iure
812 1669 997 1711 generalem
1015 1669 1171 1701 omnibus
1183 1669 1319 1701 Domini
1340 1669 1573 1707 sacerdotibus,
1592 1669 1706 1710 quodu
1725 1668 1825 1700 solius
1845 1672 1894 1700 est
1913 1668 2112 1710 apostolicae

459 1722 576 1759 sedisfl,
599 1723 772 1764 imponens
794 1723 1048 1759 observantiam,
1065 1723 1091 1754 si
1112 1722 1272 1764 quiddam
1294 1722 1421 1754 consilii
1443 1722 1548 1763 gratia
1569 1726 1648 1753 autv
1671 1722 1751 1754 mihi
1772 1722 1883 1753 visum
1906 1722 2031 1753 fueratv
2053 1732 2112 1763 pro

458 1776 686 1807 convenientia
701 1776 838 1807 rationis
852 1780 907 1807 etW
921 1776 1157 1808 commoditate
1165 1776 1224 1794 *²⁴²*
1240 1775 1344 1817 plebis
1363 1775 1552 1813 dicendum,
1576 1775 1714 1807 caritate
1738 1774 1958 1816 compellente
1982 1775 2111 1817 putavi,

458 1829 545 1869 quod
565 1829 662 1860 sacris
681 1828 799 1870 regulis
818 1829 948 1860 obviare
968 1840 1035 1860 non
1053 1828 1173 1866 valeat,
1193 1840 1213 1860 a
1231 1829 1353 1870 quibus
1374 1829 1559 1860 1101111110111Χ
1578 1828 1730 1860 deviarex
1749 1828 1930 1859 auctoritas
1949 1828 2021 1870 ipsa
2042 1839 2111 1869 per-

461 1882 577 1912 mittit.
591 1881 804 1923 Expressiusv
825 1886 939 1914 autem
953 1882 1065 1913 vobisz
1079 1882 1266 1924 designare²
1287 1882 1425 1919 decrevi,
1440 1882 1530 1923 quia,
1551 1882 1636 1913 sicut
1650 1885 1739 1913 certa
1754 1881 1912 1912 relatione
1926 1885 1960 1912 et
1974 1877 2111 1912 111011ἐοΤ

462 1945 521 1964 11811
541 1935 725 1972 didicimus,
746 1946 765 1966 a
785 1939 933 1977 tempore
951 1935 1199 1976 gloriosissimae
1223 1935 1398 1967 memoriae
1418 1935 1507 1966 beati
1527 1934 1680 1975 Remigii,
1710 1934 1932 1966 Francoruma
1952 1934 2112 1976 apostoliss

552 2058 578 2089 *)
596 2058 653 2084 Von.
671 2059 737 2083 ulter
757 2059 841 2084 Hand
860 2068 885 2084 a.
902 2060 947 2085 Rs
969 2060 1074 2092 Satago
1093 2060 1122 2085 id
1141 2063 1185 2085 est
1203 2060 1306 2086 studeo
1328 2060 1362 2085 B.

534 2102 579 2134 **)
600 2103 701 2135 13019ῃί..-
722 2103 907 2129 Sanctionum
927 2104 955 2129 id
975 2108 1019 2129 est
1038 2104 1217 2130 decretorum
1239 2104 1272 2129 Β.

516 2146 579 2177 ***)
598 2147 654 2172 Von
672 2147 784 2172 anderes
804 2147 886 2173 Haml
905 2157 930 2173 τι.
946 2148 991 2173 R..·
1011 2149 1213 2174 commoditate
1232 2149 1261 2174 id
1279 2151 1324 2174 est
1342 2149 1526 2182 congruentia
1547 2148 1582 2173 B.

552 2191 579 2222 †)
600 2191 722 2216 Ihrr'ilbcr
741 2200 791 2216 von
810 2192 922 2217 andei-er
942 2192 1035 2218 Hand:
1054 2193 1083 2218 id
1101 2196 1146 2218 est
1164 2193 1289 2219 naturali
1311 2193 1345 2218 Β.

549 2291 572 2319 ²²)
590 2291 736 2313 reverimini
759 2291 789 2313 B.
881 2289 905 2320 b)
923 2294 950 2314 et
964 2292 1155 2322 *rescriptum
1180 2292 1271 2322 (umen
1291 2291 1319 2315 Z.
1332 2293 1362 2322 6)
1383 2291 1442 2322 fehlt
1458 2292 1487 2315 C.
1587 2294 1610 2321 ¹³)
1629 2292 1755 2315 mentitur
1774 2291 1804 2314 Β.
1897 2289 1921 2319 ⁸¹)
1940 2291 2020 2314 sciam
2037 2294 2062 2314 tc
2081 2291 2111 2314 Β.

463 2336 486 2362 ⁹)
505 2333 703 2357 sacrificationes
719 2334 748 2357 Β.
849 2333 869 2363 ¹)
887 2336 952 2358 sacri
966 2349 995 2352 ἡ
1007 2336 1185 2359 Romanorum
1196 2336 1295 2366 doppelt
1305 2336 1334 2360 0.
1449 2338 1472 2366 g)
1490 2339 1517 2359 et
1528 2336 1557 2359 C.
1667 2334 1692 2366 n)
1711 2335 1847 2359 multotias
1859 2335 1890 2358 B.
1997 2331 2017 2364 ¹)
2036 2335 2069 2358 ad
2080 2334 2109 2359 C'.

465 2376 489 2406 k)
508 2380 547 2400 est
564 2377 721 2408 himuqejziqt
738 2378 766 2401 G.
875 2377 893 2408 ¹)
910 2379 1037 2403 Zwischcn
1056 2388 1069 2402 (-
1089 2376 1142 2404 wid
1154 2388 1166 2403 s
1186 2382 1198 2404 1
1215 2380 1316 2404 Buchst.
1332 2380 1408 2411 (wohl
1420 2381 1448 2411 s)
1461 2381 1516 2404 rad.
1531 2380 1562 2404 B.
1670 2382 1703 2409 ¹¹¹)
1722 2381 1730 2403 i
1745 2380 1801 2410 (am
1814 2379 1900 2409 Ende)
1914 2379 1977 2402 verb.
1990 2386 2037 2402 aus
2050 2387 2064 2402 0
2079 2379 2109 2402 B.

464 2424 488 2450 ¹¹)
507 2430 524 2452 q
537 2422 598 2445 verb.
611 2430 658 2445 (ιιω
672 2430 688 2452 p
704 2422 734 2445 Β.
819 2425 842 2452 ⁰)
861 2423 924 2446 Hier
944 2426 1009 2448 sent.
1032 2424 1094 2447 nach
1114 2424 1226 2454 yrcisserer
1246 2424 1414 2455 Auslassunq,
1430 2425 1451 2449 G
1464 2425 1515 2448 ein.
1603 2426 1627 2453 ¹³)
1644 2423 1716 2448 Fehlt
1730 2424 1759 2448 Ο.
1843 2426 1868 2453 q)
1887 2424 1923 2446 iu-
1938 2423 1984 2453 aus
2000 2423 2061 2447 Rae.
2079 2423 2108 2447 B.

464 2468 485 2494 ¹⁸)
503 2466 537 2488 So
554 2466 583 2491 B,
599 2466 629 2491 C.-
643 2474 686 2489 eas
701 2466 763 2489 verb.
778 2466 869 2490 szzdl.
955 2470 976 2497 s)
995 2468 1029 2490 So
1045 2468 1075 2493 Β.
1087 2468 1117 2495 Ο,-
1131 2472 1298 2492 conservatas
1312 2469 1375 2493 verb.
1385 2469 1477 2493 Gundl.
1564 2468 1583 2498 ²)
1603 2468 1710 2492 Danaen
1723 2467 1822 2498 qleichz.
1837 2467 1988 2497 {zberqeschn
2003 2470 2063 2491 sunt
2080 2468 2109 2491 0.

465 2512 489 2538 ¹¹)
508 2510 578 2540 quud
592 2510 698 2533 —sedis
723 2510 781 2540 fehlt
805 2510 834 2534 0.
937 2514 961 2540 V)
981 2515 1026 2535 nui:
1040 2526 1068 2528 ῌ
1080 2512 1165 2536 fuerat>
1181 2513 1239 2542 fehlt
1257 2514 1286 2537 C.
1388 2516 1417 2543 W)
1435 2514 1469 2537 So
1495 2513 1525 2539 B,
1552 2512 1583 2540 Ο,-
1606 2516 1653 2536 aut
1677 2512 1739 2536 verb.
1763 2512 1856 2536 Gundl.
1961 2514 1986 2541 x)
2005 2512 2109 2535 deviare

464 2555 592 2577 neminem
616 2555 645 2578 l).
771 2557 795 2583 Y)
816 2555 942 2585 Exl‘xssius
968 2557 1029 2586 (von
1052 2556 1143 2580 G'u'ndl.
1168 2557 1273 2580 *nerlesen
1297 2558 1351 2582 und
1374 2557 1437 2587 irriq
1460 2557 1610 2587 emendiert)
1631 2557 1662 2580 Β.
1787 2558 1810 2583 Ζ)
1828 2556 1963 2587 designare
1988 2556 2062 2579 vobis
2081 2556 2109 2579 0.

464 2602 487 2626 α)
506 2598 575 2621 Fehle
593 2598 621 2621 C.

559 2695 583 2725 1)
607 2694 693 2719 Tract.
713 2694 777 2724 VII,
792 2695 835 2721 11,
858 2694 952 2727 illique.
964 2695 1007 2725 35,
1022 2696 1100 2720 1443.
1201 2698 1228 2728 2)
1247 2698 1351 2730 (r'reqor.
1365 2698 1389 2722 I.
1414 2698 1476 2730 Ray.
1491 2697 1582 2727 XIII,
1596 2698 1640 2727 50,
1662 2697 1726 2722 MG.
1741 2696 1830 2729 Epist.
1844 2696 1887 2726 II,
1906 2696 1992 2730 414ff.
2016 2696 2107 2728 (J.-E.

468 2738 561 2771 1912).
639 2739 666 2769 3)
683 2738 739 2771 Vql.
759 2738 784 2763 6.
800 2738 898 2763 Konzil
917 2747 967 2764 von
989 2739 1086 2764 Toledo
1104 2740 1181 2770 011,
1202 2741 1353 2767 Hinsohius
1371 2742 1399 2767 S,
1413 2742 1473 2767 379.
1551 2742 1578 2773 4)
1598 2741 1655 2773 Vql.
1673 2741 1738 2766 oben.
1754 2740 1783 2766 S.
1800 2740 1836 2766 46
1853 2741 1887 2765 A.
1905 2741 1926 2766 7.
2006 2741 2033 2769 5)
2050 2740 2106 2772 qu.

465 2783 547 2809 Siata.
569 2782 718 2807 Geschichte
739 2782 784 2807 des
806 2782 967 2807 kirchlichen
992 2783 1237 2815 Benesim'alnwsens
1249 2785 1273 2815 I,
1296 2786 1358 2810 293.

2138 771 2165 790 10

2137 1152 2164 1171 15

2136 1418 2163 1437 20

2136 1684 2163 1703 25

2136 1950 2163 1969 30

2136 2295 2163 2313 35

2133 2516 2161 2534 40

2131 2790 2159 2808 45
