2220 3192
64 794 91 814 10

63 1059 90 1079 15

62 1325 90 1345 20

59 1591 87 1610 25

58 1857 86 1877 80

56 2123 85 2142 ⁸5

55 2427 82 2447 40

56 2683 84 2703 45

687 219 873 246 HINKMAR
893 221 970 247 VON
991 221 1110 247 REIMS
1133 223 1192 248 169.
1702 222 1762 251 155

121 315 177 336 nec
195 304 343 336 oboedire
362 315 420 335 nec
438 315 471 335 se
488 305 719 338 oboediturum
736 308 775 339 de
792 312 898 340 cetero
917 309 1061 352 profiteri
1078 310 1131 342 vel
1148 310 1344 343 subscribere
1362 311 1479 350 voluit,
1498 315 1532 343 et
1548 312 1670 353 absque
1690 323 1762 354 pro-

119 357 254 389 fessione
273 356 326 389 vel
346 357 583 399 subscriptione
605 369 681 390 suae
700 361 906 393 correctionis
926 366 960 394 et
979 363 1201 395 oboedientiae
1221 375 1332 396 coram
1352 364 1507 396 fratribus
1528 366 1605 403 suis,
1620 376 1763 407 quorum

120 410 312 442 multotiens
328 410 487 451 regularia
505 416 670 452 spreverat
689 414 825 451 monita,
847 425 925 446 cum
942 416 1016 447 inde
1035 416 1204 458 pluraliter
1220 417 1255 448 in
1273 418 1388 449 Leonis
1405 422 1439 449 et
1457 418 1599 460 Gregorii
1615 418 1762 460 epistolis

117 463 286 505 relegatur,
301 482 346 486 —
361 463 407 494 sia
424 464 536 501 etiam,
556 468 594 494 ut
611 464 666 495 illa
685 470 936 506 praetereamus,
954 479 1037 509 quae
1056 469 1096 500 ob
1115 470 1284 501 sacerdotii
1302 475 1509 501 verecundiam
1526 475 1558 502 et
1575 475 1762 509 obprobrium

117 516 333 548 saecularium
354 520 525 557 sequentes
545 516 751 548 Affricanum
771 520 966 551 concilium1
989 532 1046 552 nec
1068 523 1110 553 ad
1133 523 1394 555 nominationem
1414 525 1450 555 in
1470 525 1625 556 sinodum
1644 526 1761 556 deduci

117 570 336 612 permisimus,
354 569 557 611 parvipensis
573 574 606 601 et
621 570 689 601 sine
705 570 815 612 aliqua
830 574 1026 605 correctione
1042 575 1184 606 dimissis
1199 576 1245 607 eis
1259 577 1413 617 capitulis
1428 578 1620 609 auctoritati
1634 582 1760 610 vestrae

115 623 176 654 sub
194 622 268 654 fidei
284 622 518 664 astipulatione
536 623 677 660 directis,
696 634 753 664 pro
771 624 890 665 quibus
909 626 1016 657 fuerat
1032 627 1197 658 iudicatus
1213 628 1254 659 ab
1271 630 1442 671 episcopis,
1460 632 1501 662 ad
1518 642 1660 672 quorum
1676 631 1760 663 iudi-

115 677 205 708 cium
227 680 470 718 provocaverat,
493 676 675 707 secundum
696 687 847 717 expressa
869 689 1035 710 sacrorum
1055 690 1222 712 canonum
1243 686 1276 712 et
1296 682 1492 724 apostolicae
1522 684 1604 715 sedis
1632 685 1760 716 decreta

115 729 295 761 Caelestino
311 729 474 760 dieente21
499 732 575 764 Quae
591 733 669 758 enim
686 742 703 759 a
718 733 801 759 nobis
818 743 861 759 res
871 734 958 768 digna
973 735 1144 767 servabitur,
1161 738 1185 762 si
1201 738 1387 764 decretalium
1404 748 1503 766 norma
1519 741 1760 767 constitutorumb

114 795 165 820 pro
181 786 342 820 aliquorum
356 786 444 812 libitu
458 785 578 812 lieentia
593 786 706 820 populis
723 788 862 820 permissa
877 788 1046 821 frangatur?
1066 796 1142 816 mox
1157 790 1282 818 vestrae
1301 789 1456 829 potestati
1474 789 1647 830 placueritc
1665 790 1760 822 illum

113 836 294 873 restituere,
319 839 356 866 ut
372 836 496 877 primae
510 836 594 866 sedis
608 839 643 867 et
659 836 773 867 matris
788 847 825 867 ac
844 837 1033 878 magistraee
1057 839 1209 870 omnium
1223 840 1431 872 ecclesiarum
1447 842 1610 883 pontificis
1625 847 1758 874 cuncto-

114 900 252 930 rumque
269 889 498 930 episcoporum
514 889 616 930 patris
632 893 731 930 atque
750 889 896 930 magistri
913 890 1057 931 regulare
1073 891 1233 923 iudicium
1251 893 1330 924 ferre
1346 896 1510 932 convenit,
1528 906 1630 937 aequo
1646 897 1758 927 animo

114 943 228 974 feram.
253 942 352 974 Credo
375 946 490 973 tamen
511 941 797 983 diligentissimam
819 943 1048 975 discretionem
1070 948 1215 976 vestram
1239 947 1445 987 provisuram
1472 952 1699 990 contemptum
1721 960 1757 981 ac

112 995 358 1027 contumaciam
378 995 601 1027 subiectorum
621 1006 694 1037 erga
717 995 878 1037 praelatos
899 1008 974 1027 suos
996 1001 1029 1027 et
1050 996 1236 1029 libertatem
1257 999 1393 1040 impune
1415 1000 1623 1042 delinquendi
1644 1006 1757 1033 contra

112 1059 253 1081 canones
271 1059 387 1086 sacros,
406 1059 489 1090 quae
506 1049 582 1080 hinc
600 1049 636 1080 in
654 1049 790 1080 nostrisfl
808 1049 992 1090 regionibus
1011 1054 1178 1091 poterunt,
1200 1055 1237 1082 ut
1253 1052 1451 1093 quibusdam
1468 1054 1624 1092 videture,
1645 1056 1758 1086 noxias

112 1103 195 1134 vires
220 1102 376 1143 accipere.
404 1102 599 1133 Praesertim
624 1113 702 1133 cum
727 1103 989 1143 sapientissimae
1015 1104 1207 1135 auctoritati
1232 1108 1358 1136 vestrae
1383 1110 1512 1137 constet
1537 1118 1603 1138 esse
1630 1109 1757 1139 notissi-

115 1166 208 1187 mum
227 1156 449 1186 demonstrare
471 1154 658 1186 sardicense
679 1155 856 1186 concilium
878 1156 912 1187 in
932 1157 1073 1197 septimo
1095 1168 1153 1187 suo
1174 1157 1349 1198 capitulo?
1371 1159 1510 1199 qualiter
1530 1161 1645 1191 deiecti
1665 1165 1698 1192 et
1717 1162 1758 1192 ad

112 1220 144 1240 se
158 1209 333 1241 clamantis
347 1209 491 1250 episcopi
505 1209 723 1240 restitutionis
737 1208 789 1240 vel
803 1209 838 1240 in
851 1209 1053 1251 depositione
1069 1211 1306 1251 permansionis
1320 1212 1469 1243 executio
1483 1224 1561 1244 cum
1574 1214 1757 1255 indempni-

112 1265 181 1293 tate
206 1261 398 1303 simpliciter
422 1262 642 1293 iudicantium
666 1261 707 1293 ab
732 1262 912 1303 apostolica
937 1263 1010 1293 sede
1035 1263 1151 1294 debeat
1173 1263 1336 1295 celebrari.
1370 1265 1465 1302 Quod
1488 1269 1521 1297 et
1546 1266 1757 1298 Innocentius

112 1318 164 1347 ac¹
178 1315 383 1352 Bonefacius,
403 1326 519 1346 verum
532 1315 595 1346 Leo
609 1315 644 1346 in
656 1316 792 1346 decretis
805 1320 839 1346 et
853 1315 1024 1357 Gregorius
1037 1317 1220 1348 evidentius
1234 1318 1268 1348 in
1281 1317 1426 1359 epistolis
1439 1319 1505 1349 suis
1519 1320 1756 1358 demonstrant,

113 1369 353 1410 Cartaginensis
366 1368 506 1406 concilii,
521 1368 623 1400 immo
637 1368 834 1410 apostolicae
848 1370 942 1406 sedis
957 1380 1040 1410 quae
1055 1370 1090 1400 in
1103 1370 1170 1401 suis
1184 1371 1289 1401 eidem
1305 1372 1465 1412 praesedit
1478 1372 1615 1410 vicariis,
1630 1374 1757 1405 decreta

109 1425 296 1463 sequentes:
314 1421 464 1453 videlieet
482 1420 544 1453 ut4.
563 1435 580 1451 a
595 1425 820 1459 quibuscumque
838 1426 982 1452 iudicibus
995 1426 1195 1452 ecelesiasticis
1213 1427 1249 1453 ad
1268 1428 1336 1453 alios
1354 1428 1460 1454 iudices
1476 1428 1690 1461 ecclesiasticos,
1708 1430 1757 1456 ubi

109 1481 154 1505 est
170 1479 259 1505 maior
274 1479 440 1509 auctoritas,
456 1479 545 1505 fuerit
559 1482 757 1512 provocatum,
774 1488 829 1505 non
843 1480 884 1505 eis
900 1479 987 1509 obsit,
1004 1488 1124 1513 quorum
1139 1481 1228 1506 fuerit
1241 1481 1335 1506 soluta
1349 1482 1501 1512 sententia,
1516 1483 1540 1508 si
1556 1484 1686 1509 convinci
1700 1491 1757 1509 non

110 1532 266 1566 potuerint,
283 1532 327 1558 vel
342 1532 459 1558 inimico
476 1533 571 1558 animo
586 1532 726 1559 iudicasse
744 1533 789 1558 vel
806 1532 902 1566 aliqua
919 1533 1078 1566 eupiditate
1096 1537 1147 1559 aut
1161 1535 1255 1566 gratia
1270 1534 1430 1567 depravati.

183 1581 276 1614 Unde
291 1581 382 1613 nobis
395 1585 428 1613 et
440 1582 641 1613 conscientia
654 1582 903 1613 testimoniumg
917 1583 1082 1624 perhibete
1101 1588 1134 1614 et
1146 1583 1310 1621 omnibus,
1324 1585 1381 1625 qui
1395 1584 1625 1622 interfuerunt,
1640 1589 1757 1616 notum

110 1635 237 1666 factum
252 1635 350 1666 fuisse
364 1635 555 1673 dinoscitur,
571 1636 730 1676 quoniam
744 1635 839 1668 illum
854 1647 980 1667 servare
995 1647 1099 1677 quam
1112 1637 1254 1668 iudicare
1272 1637 1461 1674 maluimus,
1477 1638 1503 1668 si
1521 1648 1577 1678 pro
1592 1649 1757 1669 sacrorum

109 1699 274 1720 canonum
299 1688 445 1729 neglectu
465 1699 579 1720 eorum
600 1689 730 1726 iudicio,
752 1700 808 1730 per
827 1700 908 1730 quos
931 1693 1064 1720 sanctoh
1087 1690 1225 1731 spirituh
1245 1691 1424 1732 inspirante
1446 1691 1645 1732 promulgati
1667 1695 1755 1728 sunt,

108 1752 187 1773 cum
206 1752 253 1779 eo,
274 1752 374 1782 quem
392 1742 547 1783 corrigere
568 1742 795 1783 nequibamus,
816 1743 992 1784 dampnari
1014 1743 1135 1784 pariter
1156 1755 1222 1774 non
1242 1744 1445 1775 timeremus.
1466 1744 1510 1775 Et
1530 1745 1646 1775 idcirco
1668 1744 1756 1775 nullo

108 1795 244 1824 inimieo⁵
263 1799 368 1829 animo,
389 1794 478 1826 nulla
497 1799 656 1833 cupiditate
676 1803 727 1825 aut
744 1800 838 1833 gratia
853 1800 1004 1833 depravati
1021 1795 1134 1828 flentes
1154 1796 1240 1828 illius
1260 1797 1510 1838 incorrigibilem
1528 1798 1706 1828 socordiam
1724 1802 1757 1828 ct

109 1848 360 1879 inrevocabilem
377 1848 593 1889 pertinaciam
608 1849 766 1891 regularia
783 1850 819 1880 in
833 1861 910 1880 eum
927 1850 1047 1881 iudicia
1062 1851 1193 1881 executi
1209 1861 1336 1888 sumus,
1352 1862 1436 1891 quae
1452 1850 1492 1882 ab
1509 1862 1545 1881 eo
1562 1851 1755 1892 suspendere

109 1902 235 1934 diutius
260 1913 326 1932 non
350 1902 642 1943 praesumpsimus.
666 1902 780 1933 Vestra
803 1903 906 1934 etiam
929 1903 1059 1944 sapiens
1083 1907 1116 1934 ct
1139 1914 1270 1934 summa
1294 1905 1474 1935 auctoritas
1498 1904 1532 1934 in
1556 1905 1754 1935 decernendo

108 1955 258 1986 attendet
277 1954 466 1997 apostolum
486 1955 668 1993 docentem,
684 1956 761 1997 quia
782 1956 975 1993 ‘quorundam
996 1963 1114 1993 peccata
1135 1960 1337 1993 praecedentia
1356 1959 1440 1986 sunt1
1462 1960 1498 1986 ad
1517 1961 1666 1991 iudicium,
1688 1969 1754 1993 quo-

108 2012 242 2038 rundam
253 2009 354 2040 etiam
365 2007 418 2038 etk
429 2009 642 2040 subsecuntur?
663 2010 764 2047 Quae,
776 2009 820 2040 sic
826 2014 863 2040 ut
874 2009 990 2041 beatus
1001 2010 1140 2051 exponit
1150 2010 1341 2041 Ambrosius
1349 2010 1372 2044 ⁶,
1386 2011 1451 2041 acsi
1465 2010 1570 2051 posita
1583 2011 1616 2041 in
1628 2010 1753 2041 bilance

108 2061 144 2092 in
162 2061 282 2093 iudicio
304 2065 383 2092 sunt
402 2063 634 2099 examinanda,
657 2067 771 2094 utrum
791 2062 876 2093 bona
897 2073 995 2104 opera
1015 2062 1160 2104 amplius
1181 2064 1348 2105 pensando
1369 2064 1606 2094 remuneranda
1628 2074 1753 2104 praece-

108 2115 190 2146 dant
202 2118 235 2146 et
250 2114 349 2146 male¹
365 2115 452 2146 facta
466 2115 604 2147 minima
616 2116 864 2147 misericorditer
873 2116 1071 2147 dimittenda
1081 2117 1319 2154 demonstrent,
1330 2128 1373 2148 an
1389 2116 1500 2148 malem
1513 2117 1598 2147 facta
1610 2116 1754 2158 amplius

109 2169 274 2210 pensando
298 2169 505 2210 praecedant,
530 2172 568 2200 ut
591 2173 779 2200 mereantur
800 2169 1050 2211 dampnationis
1072 2169 1232 2201 iudicium
1255 2174 1288 2201 et
1310 2170 1395 2201 bona
1420 2169 1559 2212 paucula
1582 2169 1752 2201 suffocent.

108 2221 192 2259 Quia
208 2225 242 2252 et
259 2232 316 2252 nos
334 2232 391 2263 pro
411 2221 542 2253 modulo
561 2225 671 2253 nostro
696 2234 763 2253 non
779 2222 886 2253 solum
904 2222 1134 2260 inutilitatem,
1151 2234 1267 2254 verum
1284 2227 1318 2254 et
1336 2224 1537 2254 noxietatem
1554 2224 1589 2254 in
1604 2223 1753 2254 Rothado

107 2285 185 2306 cum
203 2275 298 2306 factis
317 2275 384 2306 suis
404 2275 615 2317 pensavimus
633 2279 667 2307 et
684 2276 783 2307 velud
803 2275 978 2307 ficulneam
997 2276 1259 2307 infructuosam⁷
1278 2280 1400 2308 terram
1418 2276 1611 2308 rationalem
1629 2276 1753 2307 diutius

191 2384 214 2410 θ)
227 2382 261 2404 six·
275 2382 298 2405 2.
374 2380 397 2411 b)
410 2382 582 2405 constiteram
595 2383 635 2409 18η·
646 2383 819 2405 constiturum
832 2381 869 2405 1¹³.
947 2384 970 2411 c)
983 2382 1284 2413 placuerit—magistrae
1299 2383 1343 2413 (Z.
1354 2383 1400 2411 Il)
1413 2383 1472 2412 fehlt
1486 2384 1508 2406 1.
1585 2381 1608 2411 ¹¹)
1623 2383 1700 2405 sacris
1715 2383 1752 2405 1³.

106 2426 129 2453 e)
151 2425 281 2448 vimdetur
296 2427 318 2449 l.
436 2423 455 2455 5)
475 2429 501 2449 et
515 2427 539 2450 2,
660 2428 682 2455 ἕ)
703 2426 821 2457 perhibet
836 2427 1013 2449 testimonium
1028 2427 1051 2450 2.
1171 2425 1195 2456 h)
1216 2428 1308 2458 spiritu
1329 2430 1420 2450 sant-to
1434 2428 1457 2451 2.
1560 2425 1578 2455 ¹)
1594 2426 1700 2456 Doppelt
1713 2425 1752 2449 1¹).

107 2467 132 2498 k)
150 2469 221 2493 Fehlt
234 2471 256 2493 1.
343 2468 361 2498 l)
381 2469 449 2493 mala
464 2471 485 2495 l.
499 2471 522 2494 2.
609 2472 641 2500 m)
663 2470 731 2493 mala
745 2469 784 2493 1¹¹.

198 2549 223 2580 1)
244 2548 325 2574 Mehr
344 2548 385 2573 als
405 2549 464 2574 eine
483 2549 591 2581 yewisse
611 2543 963 2581 Wort-Ubereinstimm21719
985 2549 1031 2574 nm‘t
1051 2557 1122 2574 conc.
1145 2549 1269 2581 African.
1292 2558 1312 2575 c.
1330 2550 1371 2577 76,
1393 2549 1484 2574 Coclei¹
1497 2557 1632 2575 canonum
1649 2548 1748 2581 (1609)

107 2591 135 2617 S.
149 2591 215 2622 237‚·
233 2592 385 2618 Hinschius
403 2593 432 2618 S.
446 2593 498 2619 307
518 2602 539 2619 c.
553 2593 588 2619 12
613 2594 648 2618 ist
667 2593 740 2618 nicht
759 2593 943 2625 festznstellen.
1039 2594 1066 2624 2)
1087 2593 1162 2618 Dect:
1191 2593 1330 2619 Goelcstin.
1353 2594 1377 2619 I.
1399 2602 1418 2619 c.
1433 2594 1476 2623 80,
1503 2593 1593 2619 Codecc
1617 2602 1749 2619 canonum

111 2636 213 2669 (1609)
234 2636 263 2662 S*
283 2637 349 2666 4222*
378 2637 532 2663 Hinschius
558 2638 587 2663 S.
607 2638 659 2663 561
681 2646 702 2663 c.
725 2638 737 2662 1
769 2637 864 2670 (J.-K.
888 2637 967 2669 371).
1099 2638 1126 2668 3)
1146 2638 1200 2670 Vql.
1225 2638 1315 2664 Codex
1337 2647 1470 2663 canonum
1496 2637 1597 2670 (1609)
1621 2637 1648 2661 S.
1663 2637 1750 2668 161s.‚·

109 2680 261 2706 Hinsclzsz‘us
282 2681 310 2706 S.
324 2682 384 2706 267.
479 2683 507 2713 4)
532 2682 633 2707 Konzil
651 2690 700 2707 von
718 2681 855 2713 Karthayo
872 2690 892 2706 c.
906 2681 949 2711 15,
974 2681 1064 2706 Codex
1080 2690 1215 2707 canonum
1235 2682 1336 2715 (1609)
1355 2682 1382 2707 S.
1398 2682 1463 2711 191:
1488 2681 1641 2707 Hiuschius
1656 2681 1684 2705 S.
1699 2680 1751 2705 298

105 2733 126 2750 c.
139 2725 182 2750 10.
277 2727 304 2757 5)
321 2725 377 2758 Vyl.
398 2725 463 2751 oben
480 2726 510 2751 Z.
524 2726 559 2750 24
577 2725 632 2751 und
649 2726 683 2751 A.
698 2725 722 2749 4.
817 2726 844 2756 6)
862 2725 917 2757 Vqr.
938 2725 1050 2757 Apoloq.
1070 2726 1163 2759 proph.
1183 2726 1274 2751 David
1293 2726 1318 2756 J,
1339 2726 1364 2756 6,
1384 2726 1427 2756 24,
1449 2726 1528 2758 C'orp.
1544 2725 1654 2752 Vrmlob.
1674 2725 1716 2753 32,
1734 2724 1750 2749 2

106 2769 134 2794 S.
148 2770 208 2794 314.
303 2771 330 2801 7)
349 2770 425 2795 Noch
443 2770 481 2795 im
499 2770 585 2796 Jahre
603 2770 663 2800 865,
682 2769 751 2795 nach
772 2769 890 2794 Rotlmds
906 2769 1077 2798 Restitution,
1097 2770 1195 2802 lcnilpft
1208 2770 1346 2796 Nikola'zcs
1363 2770 1386 2795 I.
1406 2779 1443 2794 cru
1460 2770 1531 2795 (Mese
1549 2778 1598 2794 'von
1613 2769 1750 2794 Hiulcumst

105 2813 154 2845 auf
171 2813 249 2846 y'enen
267 2813 438 2846 anyeunndte
459 2814 647 2846 Bezeiclmunq
665 2822 710 2841 an,
734 2814 795 2838 MG.
818 2814 905 2846 Epist.
924 2813 972 2843 Vl,
992 2813 1045 2838 312
1065 2814 1113 2838 Nr.
1128 2814 1169 2839 33.

1487 2865 1537 2890 20*

1788 315 1863 348 864.

1770 1965 1790 1984 1.
1801 1964 1860 1985 Tim.
1871 1966 1891 1988 ὁ,
1903 1966 1938 1984 24.
