2220 3192
671 213 857 239 HINKMAR
878 213 956 240 VON
977 213 1096 240 REIMS
1118 215 1176 240 147.
1684 212 1743 243 117

888 304 957 334 147.

183 359 343 392 Hinkmar
367 371 409 391 an
436 360 564 398 Rotrud,
594 361 720 393 Tockter
745 363 850 404 Koniq
874 364 972 395 Karls
988 364 1040 396 des
1059 364 1196 401 Kahlen,
1219 364 1284 396 und
1307 365 1357 396 die
1381 364 1508 406 &brigen
1533 365 1668 397 Nonnen
1692 365 1743 397 des

101 413 239 445 Klosters
264 413 317 444 der
341 412 369 444 h.
388 412 575 454 Radequnde
599 414 635 445 in
663 414 797 446 Poitiers
821 415 894 448 aber
917 417 968 448 die
991 417 1078 449 Wahl
1101 417 1154 449 der
1177 417 1315 459 dortiqen
1341 413 1492 450 Abtissin.

187 491 264 518 Flod.
284 492 357 518 Hist.
380 492 457 518 Rem.
476 492 536 518 eccl.
555 492 617 522 ΙΙΙ,
636 493 679 518 27.
1504 470 1678 503 860-862·

61 552 75 573 5
189 545 311 571 Drucke:
329 545 468 575 Sirmond,
485 545 633 571 Flodoardz·
650 546 710 571 eccl.
732 546 854 572 Remens.
874 548 965 573 histor.
987 548 1126 581 (Parisiis
1144 550 1229 582 1611)
1250 550 1278 575 S.
1292 551 1358 580 296:
1376 551 1514 581 Sirmond,
1534 551 1561 576 H
1564 551 1644 577 inem.
1663 560 1744 584 opera

100 589 144 620 ΙΙ,
164 589 227 620 843,’
248 589 344 622 Miyne
364 589 425 620 126,
445 589 512 619 266;
533 590 597 615 ΜΟ.
618 590 669 615 SS.
691 590 782 621 XIII,
802 592 855 617 548
877 592 1163 626 (H.ss.-Bezeichnunq
1181 594 1250 620 nach
1268 595 1354 620 dieser
1373 595 1525 628 Ausqabe).

188 642 300 668 Schrbrs
322 643 385 676 Rey.
399 642 461 668 154.

184 722 399 764 Reqestierend
430 722 545 754 sclzickt
574 722 729 754 Flodoard
760 733 888 754 voraus:
925 725 1083 757 Rotrudil
1109 726 1177 757 Deo
1204 730 1347 758 sacratae
1379 731 1411 760 et
1437 729 1551 760 ceteris
1582 729 1743 760 sororibus

98 776 286 808 monasterii
301 780 435 807 sanctae
448 776 555 808 crucis
568 780 601 807 et
615 779 747 808 sanctae
761 776 971 818 Radegundis
987 788 1044 819 pro
1059 778 1215 810 electione
1227 779 1410 812 abbatissae
1425 781 1528 822 ipsius
1543 782 1742 820 monasterii,

0 848 3 855 ‹
47 839 76 861 io
98 839 155 871 pro
177 839 243 870 qua
267 828 344 860 rex²
366 832 556 871 preceperat
576 828 723 861 Frotario
745 829 1008 872 archiepiscoposs
1030 834 1063 862 et
1086 831 1233 863 Erardo4
1254 836 1353 874 atque
1374 834 1586 875 Angenoldo⁵
1608 835 1649 866 ad
1673 846 1742 876 pre-

99 882 208 914 fatum
227 882 466 914 monasterium
484 893 614 924 pergere
632 886 665 914 et
683 882 876 914 electionem
894 883 1074 924 regularem
1092 884 1137 915 ibi
1155 885 1273 923 facere;
1292 889 1324 916 et
1343 886 1369 917 si
1385 890 1505 918 cuncta
1524 887 1661 919 eoncors⁶
1679 900 1742 918 con-

98 939 223 973 gregatio
240 934 292 966 vel
309 947 375 973 pars
393 939 525 973 quamvis
542 936 658 973 minor,
676 939 789 968 tamen
809 935 920 967 melior
929 936 1113 968 Rotrudem
1129 940 1295 975 elegisset,
1314 943 1563 970 constitueretur
1580 941 1613 972 in
1631 941 1742 972 ordine

96 988 290 1020 abbatissae.
310 988 344 1020 Si
361 992 478 1021 autem
494 993 586 1019 omnis
604 993 785 1026 congregatio
803 1001 918 1019 concors
937 989 1029 1021 illam
1045 989 1213 1022 abiecisset
1231 994 1263 1022 et
1280 991 1381 1023 aliam
1397 992 1538 1034 eligeret,
1557 993 1623 1031 illa,
1641 1005 1743 1035 quam

97 1041 299 1074 concorditer
322 1041 481 1083 elegisset,
506 1042 541 1073 in
565 1042 677 1073 ordine
700 1042 883 1074 abbatissae
909 1047 1066 1081 maneret,
1090 1043 1191 1075 donec
1216 1044 1282 1086 regi
1305 1045 1564 1084 renuntiaretur;
1589 1050 1621 1078 et
1645 1058 1742 1088 quae-

47 1104 74 1125 15
97 1105 239 1136 cumque
262 1094 308 1126 ibi
333 1095 448 1126 fuisset
472 1095 585 1132 electa,
610 1107 681 1125 onus
704 1095 888 1127 abbatissae
912 1100 1110 1133 susciperet,
1141 1100 1174 1127 et
1200 1096 1294 1128 Odila
1317 1097 1359 1129 ad
1383 1109 1482 1130 suum
1507 1101 1744 1132 monasterium

99 1151 324 1180 reverteretur.
342 1148 504 1180 Primores
517 1152 632 1180 autem
646 1148 752 1180 clerici
767 1152 800 1180 et
814 1148 945 1180 vassalli
959 1149 1001 1180 ad
1016 1149 1162 1190 reginam
1171 1149 1184 1168 ⁷
1198 1150 1359 1188 venirent,
1375 1151 1435 1182 sub
1449 1151 1544 1183 cuius
1558 1152 1743 1184 defensione

99 1204 172 1243 post
193 1201 253 1232 Dei
274 1205 307 1233 et
329 1205 520 1233 sanctorum
541 1202 610 1233 eius
629 1202 804 1233 consistere
825 1202 991 1234 deberent.

796 1298 1045 1340 Brieffraqment.

187 1361 388 1402 Propterea*
411 1360 537 1402 diligite
559 1372 681 1393 sorores
703 1365 781 1393 ante
803 1362 913 1393 omnia
937 1366 969 1393 et
992 1362 1024 1393 in
1050 1362 1186 1403 privatis
1207 1362 1480 1395 collocutionibus
1501 1368 1533 1395 et
1556 1364 1589 1395 in
1613 1365 1742 1406 publico

45 1424 73 1444 ει)
94 1417 201 1445 vestro
221 1418 389 1445 conventu
411 1415 574 1446 remittite
595 1418 628 1446 et
647 1414 766 1446 abicite
789 1415 940 1446 funditus
959 1426 978 1446 a
999 1415 1150 1446 cordibus
1170 1416 1286 1447 vestris
1307 1428 1421 1448 omnes
1442 1417 1577 1449 iniurias
1597 1421 1630 1449 et
1652 1429 1742 1450 scan-

95 1466 247 1499 dalorum
262 1467 404 1505 fomites,
419 1478 504 1508 quae
518 1468 678 1499 hactenus
693 1468 779 1499 inter
792 1479 851 1499 vos
865 1471 956 1500 ortae
972 1469 1135 1506 filerunt⁸‚
1153 1472 1190 1500 ut
1207 1469 1297 1501 nulla
1311 1470 1351 1501 de
1366 1481 1472 1501 sorore
1487 1481 1545 1502 sua
1558 1471 1742 1503 vindictam

96 1524 155 1552 aut
172 1530 231 1561 pro
249 1531 396 1552 sermone
412 1524 473 1552 aut
490 1531 548 1562 pro
566 1521 654 1553 facto
670 1521 723 1553 vel
740 1531 798 1563 pro
814 1521 923 1563 aliquo
941 1522 1097 1563 despectu
1112 1526 1262 1563 quaerat,
1278 1527 1338 1554 aut
1354 1534 1373 1554 a
1389 1524 1457 1555 Deo
1473 1527 1533 1554 aut
1550 1524 1584 1555 in
1601 1524 1741 1556 saeculo.

97 1572 191 1611 Quia,
211 1573 296 1605 sicut
308 1574 473 1606 Dominus
491 1578 705 1616 protestatur,
724 1574 793 1606 sine
810 1575 981 1606 concordia
999 1575 1155 1616 quicquid
1172 1576 1202 1607 ei
1219 1575 1403 1607 obtuleritis
1422 1580 1506 1607 nonb
1525 1576 1571 1608 illi
1590 1577 1741 1618 placebit.

98 1625 171 1658 Sive
194 1627 284 1659 enim
305 1627 476 1658 oraveritis
499 1627 565 1659 sive
588 1627 785 1659 sacrificium
807 1627 1010 1659 obtuleritisb
1033 1628 1099 1659 sive
1122 1639 1180 1659 vos
1201 1628 1397 1667 afflixeritis,
1421 1630 1493 1660 sine
1514 1630 1574 1661 hac
1597 1631 1743 1662 caritatis

44 1689 72 1710 26
94 1680 264 1712 concordia
286 1680 367 1712 m'hil
381 1681 448 1712 Deo
468 1680 625 1722 placabile
639 1681 711 1718 erit,
727 1681 818 1722 quia,
838 1681 922 1712 sicut
941 1681 1037 1712 dicitc
1051 1681 1251 1723 apostolusc:
1273 1682 1424 1714 ‘Etiamsi
1443 1683 1606 1715 tradidero
1625 1695 1743 1725 corpus

99 1743 220 1771 meum,
241 1737 279 1764 ut
295 1734 420 1771 ardeat,
439 1734 613 1766 caritatem
629 1738 744 1766 autem
760 1745 824 1766 non
839 1734 989 1772 habeam,
1010 1734 1090 1766 nihil
1109 1735 1205 1767 sum'.
1224 1735 1268 1766 Et
1286 1736 1386 1773 scitis,
1405 1737 1482 1777 quia
1502 1736 1622 1778 regula,
1640 1747 1743 1778 quam

98 1786 259 1828 professae
280 1787 368 1824 estis,
392 1786 530 1824 propter⁸
551 1790 749 1818 scandalorum
770 1792 875 1825 spinas,
899 1799 970 1825 quae
993 1792 1059 1818 oriri
1080 1788 1113 1819 in
1146 1789 1340 1820 monasterio
1370 1792 1470 1823 solent,
1493 1794 1665 1820 orationem
1693 1793 1741 1820 do-

97 1843 235 1870 minicam
254 1840 287 1870 in
309 1843 467 1870 matutinis
486 1844 518 1870 et
534 1845 711 1878 vespertinis
730 1840 856 1879 officiis,
876 1841 922 1872 ita
944 1845 980 1872 ut
999 1853 1107 1871 omnes
1126 1841 1217 1873 illam
1236 1844 1384 1876 audiant,
1403 1855 1421 1872 a
1440 1847 1530 1880 priore
1549 1844 1633 1874 orari
1652 1854 1743 1884 prae-

97 1893 188 1934 cipit,
213 1896 251 1924 ut
272 1893 429 1924 timentes
452 1897 729 1928 convenientiam,
753 1906 809 1932 qua
831 1897 983 1924 dicimus:
1006 1894 1140 1924 ‘Dimitte
1164 1898 1244 1924 nobis
1266 1895 1375 1926 debita
1400 1900 1521 1933 nostra,
1543 1899 1617 1926 sicut
1639 1903 1669 1926 et
1691 1909 1742 1926 nos

43 1955 71 1977 80
96 1949 268 1976 dimittimus
290 1945 493 1978 debitoribus
516 1947 658 1985 nostris’,
682 1958 816 1979 omnem
838 1959 1009 1980 rancorem
1030 1949 1069 1979 de
1091 1948 1185 1979 corde
1210 1952 1319 1979 nostro
1344 1948 1516 1989 pellamus.
1547 1950 1638 1987 Quae
1660 1950 1742 1982 dum

97 1999 186 2041 prius
208 1999 366 2040 egeritisfl,
391 2011 430 2031 ne
453 2010 509 2041 per
530 2004 675 2032 vestram
696 2000 902 2038 discordiam,
924 2001 1012 2042 quod
1033 2000 1130 2038 absit,
1153 2000 1307 2042 regularis
1329 2001 1460 2033 electi00
1481 2002 1521 2034 de
1541 2006 1649 2034 vestro
1674 2014 1740 2034 mo-

96 2052 235 2084 nasterio
261 2056 385 2094 pereat,
411 2053 557 2085 adunate
579 2064 638 2085 vos
660 2054 702 2085 ad
726 2054 786 2085 Dei
808 2054 1018 2085 voluntatem
1042 2057 1075 2085 et
1099 2054 1254 2095 regularis
1277 2054 1460 2086 devotionis
1485 2056 1742 2088 unanimitatem

94 2109 303 2146 vestramque
326 2106 435 2147 ipsam
457 2106 610 2145 salutem,
634 2111 841 2148 praesentem
864 2107 986 2139 scilicet
1006 2111 1240 2148 aeternamque
1250 2104 1268 2144 f,
1291 2118 1370 2139 cum
1390 2108 1538 2140 caritatis
1558 2110 1740 2147 concordia,

93 2169 176 2200 quae
199 2162 248 2190 est
272 2157 427 2188 omnium⁹
442 2159 610 2192 virtutum
634 2166 736 2197 mater,
761 2164 794 2192 et
814 2171 893 2192 cum
916 2160 1116 2198 humilitate,
1141 2172 1214 2198 quae
1237 2167 1282 2190 est
1298 2167 1393 2191 eustos
1416 2162 1563 2203 ipsarum
1586 2166 1740 2199 virtutum,

43 2221 70 2243 85
93 2215 193 2253 atque
207 2222 286 2243 cum
298 2222 376 2243 vera
392 2212 608 2250 oboedientia,
624 2224 708 2254 quae
724 2213 810 2245 scala
827 2217 886 2251 est,
902 2223 967 2254 qua
982 2213 1024 2244 ad
1039 2213 1168 2245 caelum
1184 2214 1392 2255 pertingitur,
1409 2218 1441 2246 et
1464 2215 1498 2246 in
1511 2215 1604 2246 vobis
1620 2215 1740 2247 salubri

95 2264 250 2296 electione
271 2266 467 2297 concordate
489 2270 523 2298 et
544 2270 673 2298 vosmet
696 2267 784 2308 ipsas
805 2267 846 2298 ad
870 2266 1051 2307 regularem
1074 2277 1225 2298 normam
1247 2267 1391 2298 reducite
1413 2271 1447 2298 et
1468 2268 1680 2309 constringite
1704 2280 1739 2299 ac

92 2322 297 2356 conservate;
315 2319 393 2359 quia
411 2318 520 2357 aliter,
540 2319 624 2350 sicut
645 2319 760 2352 melius
780 2320 869 2361 ipsae
887 2319 987 2356 scitis,
1007 2319 1115 2350 salvae
1134 2331 1201 2351 esse
1220 2330 1431 2361 nequaquam
1448 2321 1574 2352 valetis.
1593 2321 1637 2352 Et
1657 2322 1741 2352 sicut

187 2424 214 2455 *)
233 2424 310 2457 Folqz
329 2425 424 2458 inquit
441 2425 519 2451 Flod.

178 2504 236 2530 147.
262 2507 285 2535 ὃ)
303 2505 382 2529 fuerit
401 2507 423 2529 1.
508 2504 532 2535 b)
549 2506 783 2530 non—obtuleritis
801 2505 843 2537 (Z.
856 2506 902 2535 24)
921 2506 1019 2536 doppelt
1037 2505 1075 2530 1¹³.
1154 2509 1176 2536 0)
1194 2507 1327 2538 apostolus
1343 2507 1407 2531 dicit
1424 2509 1447 2532 2.
1534 2507 1558 2538 t¹)
1575 2509 1701 2539 egerimus
1720 2509 1740 2531 l.

43 2553 70 2574 40
93 2550 115 2578 θ)
135 2548 217 2573 electo
235 2549 264 2573 2.
369 2547 388 2579 ¹)
407 2553 487 2581 atque
505 2553 639 2574 aeternam
656 2551 680 2574 3.

189 2629 214 2659 1)
232 2627 289 2661 1791.
307 2627 372 2653 oben
389 2628 502 2654 Nr.146
515 2629 543 2654 S.
554 2630 606 2655 116
621 2628 676 2654 and
689 2629 724 2655 A.
736 2629 761 2655 8.
779 2628 880 2654 Ferner
894 2628 982 2654 Bevue
995 2628 1131 2654 Mabillon
1144 2629 1189 2655 IX
1206 2629 1404 2664 (1913s1914),
1418 2631 1452 2656 52
1465 2639 1491 2656 n.
1506 2631 1531 2656 8.
1625 2631 1652 2662 2)
1672 2630 1740 2655 Kar!

96 2670 141 2696 der
156 2671 252 2698 Kahle.
347 2673 375 2704 3)
389 2673 418 2698 S.
433 2673 499 2699 oben
512 2673 541 2699 S.
554 2673 589 2700 88
603 2674 637 2700 A.
651 2673 676 2698 2.
763 2674 791 2705 4)
806 2672 913 2698 Herard
926 2672 974 2698 ΕΙ).
990 2681 1041 2698 von
1057 2673 1145 2699 Tours
1161 2674 1223 2706 (um
1235 2674 1472 2708 855s856-371).
1560 2676 1587 2707 5)
1602 2674 1740 2707 Enqenold

98 2715 131 2740 Β.
146 2724 197 2741 von
214 2716 331 2742 Poitiers
348 2717 534 2751 (wo—871),
549 2718 623 2744 nicht
638 2717 685 2744 der
699 2718 729 2743 in
743 2717 871 2743 Soissons
884 2716 963 2742 kurze
970 2717 1028 2742 Zeit
1045 2717 1197 2750 einyesetzte
1207 2718 1362 2751 Enyelmod,
1378 2719 1426 2744 wie
1442 2719 1505 2745 ΜΘ.
1518 2719 1568 2745 SS.
1582 2719 1673 2749 XIII,
1687 2718 1739 2744 543

96 2760 130 2784 A.
144 2759 160 2785 6
174 2763 300 2786 vermutet
314 2761 389 2786 wird.
486 2763 513 2793 6)
528 2762 584 2795 Vyl.
605 2762 708 2795 Requla
724 2770 745 2787 ε.
761 2761 900 2787 Benedicti
914 2769 934 2786 c.
949 2761 991 2786 64.
1086 2763 1113 2793 7)
1131 2762 1294 2792 Irminstud,
1306 2763 1449 2789 Gemahlin
1464 2763 1547 2788 Karls
1563 2763 1608 2788 des
1621 2763 1738 2788 Kahlen.

43 2808 70 2829 45
95 2804 122 2835 8)
142 2804 245 2837 Περαία
267 2813 288 2830 s.
305 2805 444 2831 Benedicti
464 2814 485 2831 c.
499 2806 541 2831 13.
667 2807 695 2838 9)
727 2805 784 2838 Vql.
808 2805 954 2838 Angustia.
975 2805 1007 2831 de
1029 2805 1135 2831 civitate
1159 2806 1211 2831 Dei
1230 2806 1308 2837 XIV,
1325 2808 1368 2837 12,
1396 2806 1477 2840 Cmp.
1502 2807 1613 2833 Vindob.
1638 2807 1680 2837 40,
1695 2807 1738 2832 30.

1771 367 1943 398 860—862.

1759 1586 1953 1609 vg1.Matth.5.-24.

1759 1694 1777 1712 1.
1789 1692 1882 1716 Cor.13,
1894 1693 1913 1712 3.

1760 1906 1842 1926 Mattn.
1854 1906 1874 1930 6,
1886 1907 1919 1926 12.

1758 2211 1806 2234 vgl.
1820 2210 1874 2230 Gen.
1887 2211 1919 2233 11,
1930 2212 1952 2233 4;

1789 2238 1848 2257 Dan.
1859 2238 1921 2261 4,17.
