2220 3192
370 277 441 305 ⁸52.

296 446 315 464 1.
330 444 387 464 Tim.
400 445 420 466 23,
432 446 451 462 -1,

257 472 304 493 11111.
313 471 396 491 &Petu
404 472 423 491 3.
430 472 450 489 11.

338 511 387 531 1011.
400 512 419 533 1,
431 512 450 530 5.

257 564 305 587 Vgl.
312 565 333 583 2.
341 564 390 584 Cor.
397 564 453 586 5,15.

300 620 318 637 1.
329 617 387 637 Tim.
399 618 418 636 2.
430 618 449 634 αἱ.

297 884 316 902 1.
327 882 385 903 Tim.
398 883 417 901 2.
428 883 448 899 -1,

255 909 303 932 vgl.
310 909 393 928 2.Petr.
400 909 446 931 ΒΜΔ

255 949 304 971 Vssl-
311 949 331 968 2.
339 948 388 968 Cor.
395 949 451 970 5,1.=·›.

273 1107 356 1127 Matth.
369 1108 402 1126 25,
414 1108 447 1125 34.

470 184 511 211 28
1044 176 1229 203 ΗΙΝΚΜΑΒἸ
1252 174 1327 200 VON
1349 172 1469 199 REIMS
1491 174 1535 198 48.

468 276 633 310 perturbare
649 270 779 302 studuit
795 268 975 300 indefessus
991 269 1023 296 et
1039 276 1072 295 se
1089 264 1195 295 noluit
1211 271 1435 303 recognoscere
1449 260 1504 292 vel
1518 260 1629 301 aliquo
1646 259 1742 291 modo
1758 259 1931 291 humiliare
1948 259 2113 300 profusus,

467 325 507 357 ab
529 324 689 366 episcopis
710 326 760 353 est
781 320 962 353 secundum
984 315 1292 349 ecclesiastica‘iura
1313 314 1504 346 damnatus.

558 393 586 421 3.
604 388 754 420 Dicunt*
773 390 806 418 et
824 385 962 417 firmiter
979 384 1128 419 credunt,
1147 381 1204 423 qui
1224 381 1336 412 sanius
1353 380 1444 421 apud
1463 390 1522 410 nos
1540 389 1653 420 sapere
1669 378 1836 416 videntur,
1855 378 1933 419 quia
1949 378 2115 410 Dominus

466 444 592 475 ‘omnes
612 441 760 472 homines
780 438 855 469 vult
876 437 982 469 salvos
1004 436 1082 467 fieri'
1107 434 1290 466 secundum
1310 432 1512 474 apostolum,
1534 431 1592 473 qui
1615 431 1784 463 neminem
1804 431 1879 462 vult
1901 431 2016 472 perire,
2039 431 2114 463 licet

469 507 532 527 non
550 504 663 525 omnes
680 492 863 528 salventur3
883 501 961 521 nam
977 489 1024 520 ‘et
1041 488 1101 520 lux
1119 488 1153 519 in
1170 486 1314 518 tenebris
1332 486 1443 523 lucet’,
1462 485 1538 516 licet
1556 495 1630 516 eam
1647 484 1800 516 tenebrae
1819 495 1886 515 non
1903 485 2113 527 comprehen-

467 549 575 579 dantu.
593 547 637 577 Et
656 544 821 576 Christus1
839 554 897 585 pro
915 541 1070 574 omnibus
1089 551 1204 582 passus
1222 543 1271 571 est
1289 539 1473 570 secundum
1491 538 1634 569 eundem
1651 537 1842 579 apostolum
1859 537 2057 569 scribentem
2073 538 2116 569 ad

467 599 691 632 Timotheum:
710 597 795 634 ‘Qui
814 596 905 627 dedit
925 595 1142 636 semetipsum
1162 592 1425 634 redemptionem
1445 601 1504 633 pro
1524 590 1703 628 omnibus’,
1724 589 1801 622 licet
1821 601 1887 622 non
1907 601 2022 623 omnes
2042 601 2114 632 pas-

465 653 564 684 sionis
581 652 650 683 eius
670 650 814 682 misterio
832 649 1048 685 redimantur,
1068 647 1146 688 quia
1163 645 1283 676 effusio2
1300 645 1379 676 iusti
1397 647 1543 682 sanguinis
1561 647 1667 675 Christi
1684 650 1746 674 tam
1764 647 1844 673 dives
1861 647 1919 674 fuit
1935 647 1974 674 ad
1990 647 2116 681 pretium

466 705 592 742 mundi,
612 710 646 734 ut
672 707 695 732 si
721 706 893 732 universitas
913 705 1094 739 captivorum
1120 704 1150 729 in
1169 710 1247 731 eum
1267 702 1403 732 crederet,
1423 701 1524 728 nullus
1544 697 1605 728 sub
1626 696 1743 729 mortis
1760 696 1899 739 imperio
1920 700 2114 729 remaneret.

462 759 506 790 Et.
523 758 600 798 quia
619 767 684 787 non
703 766 816 787 omnes
832 758 905 786 tam
922 754 1084 785 ditissimo
1103 752 1208 794 pretio
1226 751 1446 787 redimuntur,
1465 750 1525 780 ad³
1541 753 1699 780 infidelium
1715 754 1833 788 respicit
1848 756 1972 788 partem,
1990 761 2057 781 non
2073 751 2116 782 ad

465 811 609 852 pretium
630 808 750 842 saeculi
770 808 952 850 copiosum.

553 878 581 907 4.
602 876 773 907 Dicunt**
784 878 808 911 b,
829 875 907 916 quia
921 874 991 915 ‘qui
1011 884 1126 905 omnes
1139 872 1288 904 homines
1302 870 1377 902 vult
1398 870 1504 902 salvos
1525 870 1605 901 fieri'
1627 873 1661 901 et
1681 870 1850 902 neminem
1863 869 1938 901 vult
1959 870 2064 911 perire
2083 874 2116 902 et

462 931 520 971 qui
541 940 598 971 pro
619 928 773 960 omnibus
793 938 909 969 passus
929 930 988 964 est,
1005 926 1172 958 neminem
1187 924 1445 966 praedestinavit
1465 924 1507 955 ad
1527 923 1703 955 interitum
1721 922 1775 954 vel
1801 923 1912 963 ignem
1930 926 2114 956 aeternum.

464 983 527 1014 Sed
547 993 587 1013 ex
604 993 709 1014 massa
725 981 850 1022 peccati
864 980 1035 1022 quosdam,
1053 979 1137 1010 sicut
1152 977 1337 1020 praescivit,
1354 976 1625 1019 praedestinavit,
1646 976 1680 1008 id
1700 980 1749 1008 est
1769 976 1874 1018 gratia
1895 977 2115 1019 praeparavit,

463 1037 505 1067 ad
524 1035 631 1067 vitam
652 1038 685 1065 et
705 1045 854 1075 regnum,
874 1036 907 1064 et
927 1032 991 1064 illis
1010 1033 1117 1064 vitam
1137 1042 1174 1063 ac
1196 1041 1334 1072 regnum
1354 1030 1624 1072 praedestinavit,
1645 1029 1679 1061 id
1699 1033 1749 1061 est
1769 1030 1874 1071 gratia
1895 1030 2115 1072 praeparavit,

464 1092 646 1125 aeternum,
656 1086 821 1128 evangelio
836 1090 930 1123 teste,
941 1086 998 1127 qui
1008 1085 1104 1117 dicit:
1115 1085 1230 1114 ‘Venite
1237 1084 1260 1119 4,
1272 1084 1424 1114 benedicti'
1433 1083 1521 1115 —id
1531 1087 1581 1115 est
1590 1083 1630 1114 de
1645 1083 1753 1124 prima
1769 1082 1998 1115 maledictione
2012 1083 2116 1124 gratia

463 1142 578 1184 erepti,
594 1141 687 1172 electi
702 1144 735 1172 et
750 1139 984 1182 praedestinati
995 1158 1049 1175 —‚
1065 1138 1214 1176 ‘percipite
1229 1149 1359 1174 regnum,
1368 1137 1458 1178 quod
1471 1140 1554 1167 vobis
1568 1142 1705 1174 paratum
1718 1136 1790 1174 est',
1806 1140 1837 1166 id
1854 1143 1901 1167 est
1917 1136 2007 1178 quod
2024 1136 2117 1168 vobis

465 1198 709 1233 praedestinatum
721 1197 780 1231 est,
790 1193 841 1223 ‘ab
853 1196 958 1229 origiue
971 1192 1093 1222 munds.
1109 1191 1278 1230 Quosdam
1289 1194 1414 1228 autem,
1428 1190 1513 1221 sicut
1525 1189 1712 1232 praescivit,
1725 1200 1792 1220 non
1803 1190 1845 1221 ad
1859 1194 2000 1222 mortem
2012 1201 2117 1232 neque

464 1249 504 1279 ad
521 1248 629 1288 ignem
644 1246 911 1288 praedestinavit,
934 1245 989 1276 sed
1004 1245 1038 1276 in
1055 1255 1161 1276 massa
1177 1244 1303 1286 peccati
1318 1247 1351 1275 et
1368 1243 1559 1285 perditionis
1575 1243 1660 1274 iuste
1675 1243 1828 1281 deseruit,
1853 1254 1873 1275 a
1887 1254 1954 1285 qua
1969 1254 2023 1274 eos
2038 1255 2117 1281 prae-

465 1300 684 1330 destinatione⁵
712 1310 781 1336 sua,
810 1299 843 1329 id
870 1305 915 1328 est
939 1302 1048 1335 gratiae
1068 1301 1311 1335 praeparatione,
1331 1296 1470 1334 occulto,
1493 1297 1549 1328 sed
1570 1307 1637 1328 non
1656 1296 1744 1327 iusto
1765 1296 1885 1328 iudicio
1906 1307 2118 1338 nequaquam

465 1353 597 1394 eripuit.
622 1353 717 1390 Quia,
737 1352 822 1383 sicut
837 1351 956 1383 beatus
973 1351 1127 1392 exponit⁶
1143 1350 1361 1392 Augustinus,
1380 1353 1607 1388 praedestinatio
1623 1355 1669 1379 est
1684 1353 1794 1387 gratiae
1811 1353 2007 1388 praeparatim
2024 1354 2118 1388 gratia

464 1410 577 1438 autem
596 1411 642 1435 est
658 1406 747 1437 vitae
765 1408 894 1439 donatio,
914 1405 947 1436 id
966 1408 1016 1435 est
1035 1408 1123 1442 ipsius
1143 1407 1413 1442 praedestinationis
1431 1406 1560 1433 effectus.
1579 1403 1625 1434 Et
1642 1402 1761 1434 beatus
1780 1403 1929 1445 Prosper,
1951 1403 1986 1434 in
2004 1403 2064 1435 hac
2084 1414 2117 1435 re

464 1459 569 1490 sancti
590 1458 766 1499 Augustini
789 1457 966 1500 expositor,
988 1468 1067 1489 cum
1088 1457 1204 1489 ceteris
1225 1457 1416 1488 orthodoxis
1436 1457 1638 1488 concordans
1660 1456 1811 1498 patribus
1832 1456 1949 1488 dicit7:
1970 1456 2046 1488 Non
2068 1460 2118 1488 est

466 1515 689 1549 praedestinatio
707 1511 769 1542 nisi
787 1511 875 1552 quod
893 1514 931 1541 ad
949 1514 1068 1541 donum
1086 1514 1218 1548 pertinet
1235 1515 1344 1548 gratiae
1362 1517 1416 1540 aut
1433 1512 1471 1540 ad
1488 1513 1709 1540 retributionem
1726 1513 1862 1540 iustitiae.

2144 759 2169 779 10

2144 1039 2169 1058 15

2143 1305 2170 1323 ’ΖΟ

555 1580 584 1609 5.
613 1578 686 1615 Qua
694 1577 751 1596 ***
772 1578 812 1609 de
832 1588 866 1608 re
884 1577 1053 1618 refugiunt
1071 1577 1187 1615 dicere,
1202 1577 1271 1618 qui,
1288 1580 1326 1608 ut
1340 1576 1497 1614 diximus,
1514 1587 1634 1608 sanum
1647 1576 1803 1608 videntur
1818 1587 1940 1618 sapere,
1955 1576 2117 1618 quosdam
2144 1586 2170 1604 2⁵

467 1630 724 1672 praedestinatos
746 1641 765 1661 a
786 1630 854 1661 Deo
878 1641 945 1661 esse
967 1630 1009 1661 ad
1032 1630 1217 1667 interitum,
1242 1630 1299 1661 sed
1320 1629 1556 1661 tantummodo
1580 1629 1772 1671 praescitos;
1805 1628 1924 1661 electos
1946 1633 2060 1661 autem
2084 1633 2117 1661 et

468 1683 642 1724 praescitos
660 1687 693 1714 et
713 1683 970 1724 praedestinatos
988 1694 1056 1714 esse
1074 1684 1116 1715 ad
1134 1694 1273 1725 regnum
1292 1686 1325 1714 et
1344 1694 1483 1724 regnum
1501 1682 1576 1720 illis,
1599 1686 1636 1714 ut
1654 1682 1811 1720 diximus,
1833 1683 2117 1724 praedestinatum

559 1820 585 1850 ³³)
603 1820 763 1853 Vorazzsqehl
772 1830 779 1845 .·
801 1821 868 1846 Post
880 1821 1094 1847 damnationem
1107 1821 1190 1846 huius
1205 1820 1355 1847 miserandi
1369 1820 1490 1846 hominis
1502 1820 1649 1853 subiungit
1661 1820 1782 1853 scriptor
1793 1820 1930 1853 epistolae
1943 1820 1979 1846 ad
1992 1820 2117 1853 singulas

466 1864 540 1889 illius
560 1865 764 1897 propositiones
781 1873 846 1890 suas
864 1868 893 1890 et
913 1865 1100 1898 quorundam.
1120 1865 1168 1898 qui
1187 1874 1251 1890 cum
1268 1873 1302 1890 eo
1319 1864 1449 1891 similiter
1466 1865 1604 1894 sentiunt,
1622 1865 1826 1898 responsiones..
1847 1865 1923 1895 Quas
1942 1865 1986 1891 hic
2004 1873 2116 1891 necesse

467 1911 510 1932 est
527 1909 555 1933 in
571 1908 697 1934 ordinem
714 1917 815 1942 ponere
831 1912 870 1939 et,
888 1909 955 1942 quid
972 1910 1005 1934 de
1022 1910 1061 1934 eis
1078 1909 1159 1935 nobis
1172 1909 1313 1939 videatur,
1328 1909 1451 1934 breviter
1467 1909 1621 1942 designare.
1641 1909 1723 1940 Quod
1738 1909 1805 1935 licet
1820 1917 1906 1942 supra
1924 1909 2119 1943 multiplieiter
2143 1915 2170 1933 30

468 1953 525 1977 iam
544 1952 652 1978 factum
671 1953 717 1979 sit.
738 1956 834 1978 tamen
854 1962 943 1986 neque
965 1963 1039 1979 nunc
1059 1953 1297 1987 praetereundum
1318 1956 1463 1987 putamus,
1486 1962 1521 1978 ne
1542 1953 1611 1986 quid
1630 1953 1809 1979 difficultatis
1829 1956 1859 1979 et
1878 1953 2061 1979 obscuritatis
2081 1962 2117 1979 ex

470 1997 629 2021 huiusmodi
649 1998 876 2029 responsionibus
893 1999 1024 2030 cuiquam
1041 2001 1198 2031 generetur.
1227 1998 1304 2028 Quae
1324 1998 1457 2023 videlicet
1475 1998 1670 2031 responsiones
1689 1999 1718 2023 in
1737 1998 1798 2031 ipsa
1818 1998 1939 2031 epistola
1957 1998 1998 2023 ita
2018 1998 2116 2031 incipi-

469 2044 533 2065 unt:
556 2041 589 2065 B.

542 2084 586 2115 **)
613 2085 787 2117 Vorausqeht:
815 2085 999 2119 Subiungn'tur
1016 2087 1045 2112 in
1063 2087 1162 2112 eadem
1180 2086 1300 2120 epistola
1318 2086 1352 2112 de
1372 2087 1457 2113 tertia
1476 2087 1650 2119 quaestione,
1675 2086 1704 2112 id
1729 2089 1773 2112 est
1797 2086 1831 2112 de
1857 2086 2115 2120 praedestinatione

469 2128 575 2155 divina.
599 2137 689 2154 sermo
706 2129 838 2162 prolixus.
858 2130 910 2160 Qui
926 2139 983 2156 non
1000 2134 1078 2156 totus
1094 2130 1187 2160 simul,
1203 2131 1252 2156 sed
1270 2139 1318 2164 per
1334 2134 1429 2164 partes
1447 2130 1594 2164 ponendus
1609 2134 1639 2156 et
1655 2131 1823 2157 tractandus
1840 2131 1921 2156 nobis
1938 2131 2060 2161 videtur,
2076 2131 2118 2157 ita

469 2181 496 2197 se
518 2173 636 2197 habens:
660 2173 692 2197 B.

526 2217 588 2246 ***)
607 2217 776 2248 {transuehi-
799 2217 930 2250 Sequitur
951 2222 1015 2251 post
1035 2219 1102 2245 haec
1122 2220 1150 2244 in
1170 2219 1269 2245 eadem
1289 2220 1482 2253 responsione:
1506 2220 1539 2244 B.

555 2318 577 2343 1ῑ)
597 2315 662 2338 Vrrb.
679 2323 726 2337 (11¹³
742 2317 979 2346 ⁴·‹umpraehcndant
1000 2317 1027 2340 B.
1116 2317 1138 2347 ιἸ)
1157 2319 1240 2349 inquit
1259 2318 1382 2349 &blaesil-ql
1402 2318 1430 2341 Β.

566 2412 590 2441 l)
610 2411 664 2443 l'ql.
688 2420 717 2435 :11
740 2411 825 2436 dieser
846 2412 924 2436 Stelle
945 2413 1011 2437 (such
1036 2413 1188 2439 Hiulcmars
1208 2415 1284 2440 Werlr
1304 2415 1355 2440 ‘De
1377 2415 1640 2448 praedestinatione,
1664 2415 1759 2448 siligne
1775 2415 1836 2445 125,
1852 2415 1914 2440 283:
1937 2415 2116 2448 Quapropter

2143 2137 2169 2155 :35

471 2455 608 2479 diximus:
629 2455 680 2479 Pro
700 2455 831 2480 omnibus
852 2456 980 2481 Christus
993 2465 1092 2489 passus
1105 2458 1169 2485 fuit,
1182 2458 1247 2483 licet
1258 2467 1314 2483 11011
1327 2467 1424 2484 omnes
1438 2460 1575 2492 passionis
1587 2460 1647 2485 eius
1661 2460 1796 2493 mysterio
1812 2460 1996 2489 redimantur,
2009 2462 2039 2484 et
2052 2460 2116 2492 quia
2142 2465 2169 2483 40
2216 2414 2220 2483 i

473 2508 527 2523 non
548 2508 644 2523 omnes
661 2499 846 2529 redimuntur.
863 2509 919 2524 non
935 2500 971 2525 ad
988 2502 1070 2533 pretii
1087 2502 1320 2534 magnitudinem.
1337 2504 1385 2528 sed
1408 2504 1444 2529 ad
1467 2512 1523 2529 11011
1547 2504 1723 2530 credentium
1744 2504 1859 2537 respicit
1882 2507 2006 2537 partem;
2028 2503 2116 2536 server

473 2543 567 2575 Miync
584 2543 644 2572 1:35,
658 2543 720 2568 255:
740 2544 891 2576 Propterea
908 2547 937 2568 et
954 2553 1004 2569 nos
1021 2553 1055 2569 ex
1074 2546 1166 2570 verbis
1181 2547 1307 2579 Prosperi
1324 2548 1496 2580 scripsimus,
1511 2549 1576 2581 quia
1589 2548 1717 2574 Christus
1734 2557 1785 2582 pro
1797 2548 1928 2574 omnibus
1946 2556 2045 2581 passus
2062 2551 2115 2577 est,

472 2587 537 2611 livet
556 2602 588 2604 —
610 2602 643 2604 ξ
664 2590 783 2619 partem.
892 2589 919 2618 2)
941 2587 1018 2620 Briej
1035 2588 1102 2613 Leos
1117 2589 1142 2614 Ι.
1160 2598 1198 2615 (1η
1215 2590 1316 2615 Καιζςεν
1331 2591 1393 2619 Leo,
1412 2592 1480 2617 Acta.
1496 2592 1589 2617 concil.
1607 2593 1767 2618 oecumevic.
1785 2592 1824 2618 ed.
1842 2592 1976 2618 Schwartz
1992 2595 2053 2617 tom.
2071 2592 2114 2618 ΙΙ,

473 2631 521 2655 rol⁴
540 2631 589 2657 Il'.
608 2632 673 2659 11:J;
691 2631 844 2656 Hinschius
857 2631 886 2656 S.
899 2632 951 2657 585
968 2632 1063 2663 (ιλ-Κ.
1079 2633 1157 2665 542).
1251 2635 1278 2665 3)
1298 2635 1421 2668 Prosper.
1434 2637 1622 2668 responsiones
1633 2637 1669 2662 ad
1685 2637 1805 2670 capitula
1818 2637 1955 2662 obiection.
1968 2637 2115 2666 Gallorum,

474 2675 568 2707 Miqm
585 2675 628 2702 51,
646 2675 707 2702 172.
801 2677 828 2706 4)
852 2676 1061 2708 Psas'luquslz'n..
1080 2677 1258 2710 Hypomuesl.
1275 2679 1322 2705 ΓΙ.
1340 2679 1365 2705 6.
1384 2682 1408 2705 λ’.
1428 2680 1523 2711 Μίψιε
1541 2681 1583 2710 45,
1601 2681 1679 2706 1661.
1788 2683 1815 2713 5)
1836 2681 1983 2713 Auqustin.
2003 2681 2069 2706 liber
2085 2680 2116 2706 de

472 2719 713 2751 praedestinatione
739 2723 889 2745 snm-torum
915 2729 936 2744 c.
959 2721 999 2747 10.
1026 2721 1121 2753 Miyne,
1141 2722 1183 2747 44.
1202 2723 1262 2747 5174.
1282 2723 1342 2747 9715
1449 2725 1474 2753 13)
1496 2725 1610 2750 A.‹1.0.
1716 2727 1743 2756 7)
1762 2726 1817 2758 Vql.
1834 2734 1954 2758 respons.
1977 2725 2012 2750 ad
2033 2725 2113 2758 capit.

471 2763 607 2789 ι»Ι)ι“ε’(·Ιι”υιι4
625 2764 771 2789 (ἶηΗυνυηι.
796 2764 889 2796 Miync
906 2765 949 2792 51,
968 2765 1027 2789 169.

2144 2679 2220 2710 15!
