2220 3192
64 781 90 800 10

62 1046 90 1066 15

63 1311 88 1330 20

62 1577 88 1596 25

61 1843 89 1863 30

61 2192 87 2212 ³5

61 2405 87 2425 40

61 2625 88 2645 45

682 206 870 233 HINKMAR
890 208 968 235 VON
988 208 1108 235 REIMS
1132 209 1191 235 135.
1717 211 1758 241 83

117 304 230 325 eorum
247 303 312 324 non
331 293 452 330 fecerit,
471 294 534 325 nisi
551 305 591 325 ex
607 306 767 327 consensu
785 300 918 338 propter
934 298 1042 329 Deum
1058 298 1229 336 dimiserit,
1248 309 1361 340 parem
1378 311 1487 337 suum,
1506 300 1608 332 immo
1627 305 1756 342 partem
1782 304 1858 336 860.

117 346 258 388 corporis
277 345 327 376 sui
346 346 506 377 mechari⁸
524 347 613 379 facit.
634 347 667 379 Si
685 353 724 379 tu
742 349 816 380 huic
836 350 976 381 feminae
995 351 1235 392 paenitentiam
1254 353 1409 393 posueris,
1428 363 1512 394 quae
1531 364 1606 394 pars
1623 358 1672 384 est
1689 364 1757 385 cor-

117 400 204 441 poris
218 399 280 429 viri
296 399 431 430 diocesis
446 399 592 437 alterius,
611 401 678 432 sine
694 412 854 433 consensu
871 404 1003 435 rectoris
1020 408 1052 435 et
1067 404 1140 441 viri,
1157 409 1272 436 contra
1288 405 1415 446 regulas
1432 405 1662 438 ecclesiasticas
1679 408 1758 438 facis

117 456 149 484 et
165 453 300 484 docente
317 451 424 482 Leone
442 453 546 494 papa¹
562 453 693 485 honoris
708 456 940 487 communione
958 457 1106 497 privaris.
1122 457 1167 487 Et
1183 458 1279 489 item:
1298 457 1331 489 Si
1347 459 1422 490 huic
1441 459 1582 490 feminae
1599 459 1665 501 lege
1683 471 1757 502 pae-

119 505 276 536 nitentiae
297 515 435 536 manum
454 506 608 546 imponis,
629 511 661 538 et
680 507 735 539 illa
757 508 942 540 membrum
959 514 1062 550 caput
1081 521 1180 541 suum
1196 529 1240 533 —
1256 515 1358 552 caput
1377 512 1467 543 enim
1487 512 1632 544 mulieris
1649 513 1699 544 vir
1715 533 1760 536 —

115 559 149 590 in
163 557 303 589 alteram
318 559 522 599 provintiam
538 564 649 592 secuta
667 560 765 592 fuerit
781 561 841 592 sub
858 562 1063 602 providentia
1078 562 1216 594 alterius
1232 563 1399 604 praesulis,
1416 565 1489 605 quis
1504 576 1619 597 curam
1633 566 1673 597 de
1689 567 1758 597 eius

115 611 252 652 accipiet
266 611 492 652 paenitentia?
525 613 616 650 Quis,
637 617 674 643 ut
697 613 922 645 reconcilietur
945 615 1126 646 secundum
1146 626 1297 653 canones,
1317 617 1358 648 ad
1381 618 1450 648 eius
1470 617 1644 649 adtendetb
1666 619 1757 650 lacri-

118 675 187 696 mas
206 668 239 695 et
259 664 507 702 confessionem,
528 676 629 706 quam
651 677 715 696 non
738 667 888 698 audivit?
918 667 999 704 Quis
1019 668 1048 698 ei
1070 679 1208 699 manum
1227 669 1268 699 ad
1289 670 1586 702 reconciliationem
1608 672 1757 713 imponet

115 717 212 748 sacris
234 716 353 758 regulis
375 717 625 750 decernentibus
635 719 657 756 2,
684 724 720 749 ut
745 731 840 750 nemo
865 720 1094 760 episcoporum
1118 721 1177 751 sub
1204 732 1303 752 manu
1330 723 1475 763 positum
1497 723 1632 755 alterius
1656 736 1756 756 sacer-

113 771 200 802 dotis
217 770 258 801 ad
279 770 578 802 reconciliationem
599 772 757 813 suscipiat
778 783 883 813 neque
903 772 1150 804 reconciliatum
1171 773 1239 804 sine
1260 774 1377 805 litteris
1395 775 1448 806 Vel
1466 787 1626 808 consensu
1647 788 1756 808 recon-

113 823 268 854 ciliatoris
285 823 443 864 recipiat?
462 824 506 854 Et
522 825 686 865 quomodo
704 829 834 866 partem
849 825 1003 866 corporis,
1022 826 1123 857 immo
1139 826 1308 858 hominem
1323 827 1457 858 alterius
1474 829 1617 871 episcopi
1634 834 1666 861 et
1684 841 1756 871 par-

114 876 239 908 rochiae
266 876 435 913 iudicabis,
461 877 542 918 quin
569 878 796 918 paenitentiali
822 879 940 909 iudicio
966 879 1253 919 condempnabisc.
1279 890 1356 911 cum
1393 881 1553 922 scriptum
1579 883 1632 920 sit,
1667 883 1756 924 quod

115 933 246 960 sanctus
265 928 437 970 Gregorius
452 930 527 961 hinc
546 931 579 961 in
598 931 665 961 suis
680 931 819 962 decretis
836 931 1024 972 exposuit3:
1051 931 1085 962 Si
1103 936 1274 961 transieris
1300 944 1349 968 per
1369 946 1488 963 messem
1504 935 1603 966 amici
1619 936 1682 973 tui,
1701 937 1754 967 fri-
1771 944 1967 971 vgl.Deut.23,25.

113 993 190 1014 cans
206 982 400 1013 confricabis
419 988 511 1021 spicas
532 987 689 1013 manibus
712 985 780 1014 tuis
798 992 828 1013 et
848 987 1064 1019 manducabis,
1083 988 1186 1014 falcem
1203 988 1317 1016 autem
1343 998 1400 1015 non
1428 991 1540 1017 mittas
1565 988 1631 1019 sive
1657 988 1757 1020 falced
1771 997 1820 1022 vgl.
1832 998 1885 1018 Luc.
1897 998 1949 1023 6.1.

115 1047 179 1067 non
201 1039 320 1073 metas;
340 1036 371 1066 id
392 1040 440 1067 est
459 1037 608 1068 homines
628 1037 813 1078 parrochiae
832 1037 967 1068 alterius
985 1037 1081 1068 verbo
1103 1038 1353 1078 praedicationis
1373 1043 1405 1069 et
1424 1040 1574 1081 exemplo
1593 1042 1698 1082 operis
1713 1061 1757 1065 —

113 1090 158 1120 ita
172 1092 297 1125 tamen,
318 1093 356 1119 ut
371 1100 436 1120 non
449 1090 620 1121 conculces
635 1091 867 1131 simpliciorem
882 1091 1017 1121 fratrem
1031 1094 1140 1127 tuum,
1156 1101 1195 1121 ne
1210 1091 1335 1122 incidas
1348 1092 1381 1122 in
1396 1093 1527 1123 ruinam
1541 1097 1573 1124 et
1588 1093 1754 1134 laqueum,
1771 1076 1937 1128 vgiifsifli'iieii’
1945 1079 1968 1103 ⁷³

112 1153 234 1173 vanam
251 1141 372 1173 scilicet
389 1142 526 1183 gloriam
542 1143 662 1174 diaboli
676 1162 720 1166 ——
736 1144 769 1174 in
786 1154 905 1184 corpus
922 1143 1052 1179 Christi,
1069 1154 1153 1184 quae
1170 1148 1219 1174 est
1236 1143 1379 1181 ecclesia,
1398 1145 1515 1176 festina
1532 1146 1677 1183 traicere,
1697 1147 1755 1178 fal·
1815 1131 1844 1151 Β
1856 1131 1876 1155 8¹
1888 1132 1922 1152 Μ’

111 1206 183 1227 cem
204 1199 319 1226 autem
342 1196 454 1226 iudicii
477 1207 541 1226 non
566 1197 764 1237 permitteris
790 1197 918 1227 mittere
940 1196 992 1227 Vel
1016 1196 1097 1227 falce
1120 1197 1230 1227 iudicii
1256 1201 1385 1234 metere,
1404 1198 1435 1228 id
1459 1202 1507 1228 est
1530 1199 1668 1230 incidere
1692 1201 1757 1231 sive

112 1248 285 1279 abscidere.

200 1301 245 1332 Et
262 1302 431 1342 quoniam,
452 1302 536 1332 sicut
555 1303 622 1343 ipse
642 1302 726 1333 Boso
743 1302 835 1339 dicit,
854 1302 958 1333 eidem
979 1302 1119 1337 mulieri,
1136 1313 1220 1342 quae
1238 1313 1311 1333 caro
1331 1314 1388 1334 sua
1407 1308 1466 1338 est,
1486 1304 1617 1336 nullum
1633 1306 1756 1337 crimen

113 1355 266 1396 inpingit,
287 1355 340 1386 sed
361 1365 425 1385 non
447 1355 610 1386 modicam
630 1355 878 1396 neglegentiam,
897 1356 975 1396 quia
994 1355 1034 1386 ab
1054 1355 1124 1386 eius
1142 1367 1174 1386 se
1194 1356 1359 1387 subtraxit
1378 1357 1510 1388 servitio
1529 1361 1571 1394 et,
1591 1362 1757 1398 quantum

111 1418 151 1439 ex
170 1407 240 1449 ipsa
259 1412 319 1445 est,
338 1407 432 1439 illum
452 1409 592 1440 meohari
610 1409 697 1446 fecit,
714 1412 828 1439 contra
845 1409 1079 1439 auctoritatem
1094 1412 1193 1449 atque
1211 1409 1374 1440 iustitiam
1391 1421 1467 1441 eum
1483 1410 1657 1442 dimittens
1673 1415 1706 1442 et
1722 1412 1755 1442 in

111 1461 183 1492 aliis
202 1461 309 1502 regnis
328 1461 456 1492 circiter
477 1472 533 1502 per
553 1462 735 1493 triennium
756 1462 924 1492 inmorans
934 1462 955 1494 ⁴,
976 1465 1159 1492 contumax
1182 1463 1347 1493 mandatis
1368 1463 1453 1494 illius
1472 1463 1552 1494 adeo
1574 1465 1697 1501 extitit,
1719 1468 1757 1495 ut

112 1525 169 1546 nec
183 1514 382 1555 compellata
398 1525 454 1556 per
469 1518 564 1546 tanta
578 1519 769 1556 temporum
785 1515 891 1555 spatia
906 1515 946 1545 ad
962 1526 1039 1546 eum
1054 1515 1194 1551 redierit,
1212 1526 1269 1556 pro
1283 1516 1397 1546 domni
1411 1516 1580 1557 apostolici
1596 1517 1735 1548 iussione
1745 1517 1758 1537 5

112 1567 157 1599 illi
175 1571 312 1609 paratus
329 1571 378 1598 est
396 1568 574 1608 indulgere,
593 1571 705 1605 restat,
725 1572 763 1598 ut
781 1578 837 1598 rex
847 1567 870 1600 ⁶,
890 1568 922 1598 in
940 1569 1035 1599 cuius
1052 1579 1149 1608 regno
1167 1569 1266 1609 degit,
1286 1569 1466 1600 secundum
1483 1570 1756 1610 conscriptionem

111 1621 301 1662 cyrographi
316 1632 430 1661 regum
446 1621 655 1652 nostrorum⁷
669 1632 743 1652 eam
760 1621 801 1652 ad
816 1621 879 1652 viri
898 1621 947 1651 sui
967 1622 1187 1662 praesentiam
1201 1622 1318 1653 adduci
1338 1622 1447 1658 faciat,
1467 1626 1499 1652 et
1517 1626 1555 1652 tu
1574 1623 1755 1664 episcopus,

113 1675 145 1705 in
163 1674 256 1705 cuius
276 1674 443 1715 parrochia
464 1675 658 1711 inmoratur,
677 1675 754 1715 quia
772 1674 831 1705 hoc
852 1685 917 1705 non
937 1678 985 1705 est
1004 1675 1096 1715 regis,
1117 1675 1201 1706 sicut
1220 1679 1354 1706 sanctus
1374 1675 1545 1716 Gregorius
1562 1676 1620 1704 de⁸
1637 1680 1689 1709 his,
1709 1680 1756 1713 qui

111 1731 147 1757 ad
164 1731 316 1757 ecelesiam
331 1731 508 1764 confugiunt,
525 1728 685 1769 praecipit
695 1727 717 1761 ⁹.
735 1728 761 1758 si
779 1728 927 1768 exposcit
947 1728 1131 1765 necessitas,
1148 1729 1358 1760 securitatem
1375 1728 1445 1758 de¹⁰
1459 1732 1603 1765 aequitate
1624 1729 1684 1760 sibi
1702 1741 1756 1758 ser-

113 1784 206 1810 vanda
223 1781 312 1822 apud
330 1781 442 1812 virum
460 1782 529 1812 eius
548 1785 684 1822 expetas
703 1784 735 1811 et
754 1780 914 1817 obtineas,
940 1784 973 1811 et
993 1784 1067 1822 post
1084 1781 1143 1812 hoc
1165 1781 1283 1812 missus
1300 1782 1345 1812 rei
1365 1781 1514 1822 publicae
1531 1782 1601 1812 viro
1621 1793 1756 1813 uxorem

112 1834 186 1874 fuga
206 1833 334 1875 lapsam
353 1834 518 1865 restituat.
547 1835 610 1871 Qui
628 1835 689 1871 vir,
706 1834 731 1864 si
747 1838 993 1865 sacramentum
1010 1834 1138 1874 fregerit
1158 1837 1212 1865 ete
1235 1834 1423 1876 apostolicis
1444 1834 1609 1866 monitis11
1629 1835 1756 1866 inoboe-

109 1887 200 1918 diens
216 1887 375 1924 extiterit,
393 1888 576 1928 episcopus,
593 1887 634 1918 ad
651 1888 745 1918 cuius
761 1898 876 1918 curam
894 1887 1048 1927 pertinet,
1065 1887 1263 1918 canonicum
1280 1888 1440 1918 iudicium
1459 1888 1491 1918 in
1511 1887 1605 1919 illum
1622 1888 1756 1928 proinde

191 2004 215 2032 a)
236 2002 287 2026 Von
309 2005 417 2033 spiiterer
435 2003 513 2027 Hand
534 2003 595 2027 verb.
617 2011 646 2026 :n
671 2004 800 2027 moechari
823 2003 938 2034 (Izh‘nfiy)
960 2004 989 2026 Β.
1112 2001 1135 2032 b)
1156 2002 1207 2026 Von
1227 2005 1336 2033 speiterer
1353 2002 1432 2026 Hand
1453 2003 1514 2026 verb.
1537 2011 1567 2026 :a
1587 2003 1707 2027 attendet
1726 2003 1756 2027 Β,

111 2048 134 2076 e)
154 2046 204 2070 Von
216 2049 324 2077 spiiterer
337 2047 416 2072 Hand
428 2056 445 2079 p
465 2048 584 2073 :wischen
604 2056 629 2071 m
645 2049 699 2072 ‘and
717 2056 734 2072 n
752 2049 834 2079 qetilqt
854 2047 968 2078 (hdufiq)
987 2048 1017 2071 B.
1104 2046 1128 2076 d)
1142 2047 1234 2070 falcem
1250 2047 1281 2070 B.
1367 2049 1390 2076 e)
1404 2046 1470 2070 Verb.
1490 2055 1537 2070 aus
1550 2056 1563 2070 e
1580 2047 1610 2071 Β.

203 2136 229 2167 l)
246 2135 302 2168 Vyl.
321 2135 365 2161 die
383 2135 489 2167 [reilich
507 2145 560 2161 nur
578 2136 693 2168 entsernt
713 2135 892 2168 anklinyende
916 2135 995 2161 Stelle
1019 2135 1109 2160 Codex
1131 2143 1266 2160 canonum.
1283 2134 1311 2160 S.
1326 2135 1378 2160 437
1402 2144 1423 2160 c.
1437 2136 1466 2163 5,·
1492 2135 1645 2160 Hinschius
1660 2135 1688 2160 S.
1703 2135 1753 2160 615

115 2178 148 2211 (J
154 2179 210 2204 K
235 2179 287 2205 402
290 2179 313 2212 )
408 2180 435 2211 2)
456 2180 512 2213 V9l.
536 2189 597 2206 can.
615 2180 727 2213 apostol.
744 2180 787 2207 13.
802 2179 893 2205 C'odez
910 2187 1054 2209 (matonam,
1074 2179 1205 2212 unpaqin.
1224 2179 1350 2211 Anfanfq,·
1372 2179 1525 2204 Hinschius
1539 2179 1567 2204 S.
1581 2179 1629 2209 2&
1655 2179 1754 2204 Komil

114 2231 162 2248 von
177 2223 267 2249 Niccia
283 2232 304 2249 c.
318 2225 343 2251 5,
367 2223 458 2249 Codex
474 2224 619 2250 C'tmomzm
643 2224 671 2249 S.
687 2224 717 2252 3
739 2224 892 2249 ΗῐηεεΙιιῖαε
912 2224 941 2249 S.
955 2223 1016 2249 258.
1040 2239 1075 2241 —
1095 2223 1123 2248 S.
1144 2223 1213 2248 auch
1233 2223 1394 2250 Hiuschius.
1416 2223 1605 2248 Kirchenrecht
1624 2223 1672 2253 IV,
1694 2223 1752 2248 758.

114 2267 141 2298 3)
158 2267 213 2300 Vql.
232 2268 336 2301 Gregor.
357 2268 382 2294 I.
403 2268 465 2301 Rey.
487 2269 542 2299 XI,
555 2269 621 2299 560,
636 2269 700 2295 MG.
716 2269 803 2301 Epist.
819 2268 862 2295 ΙΙ,
876 2268 928 2293 337
948 2267 1040 2300 (·J.-E.
1056 2267 1153 2299 1843),
1177 2271 1254 2293 'anter
1270 2267 1437 2300 Ansit'hrzwzy
1459 2276 1509 2292 von
1526 2267 1632 2292 Denter.
1650 2268 1693 2297 23,
1710 2267 1752 2292 25.

112 2312 141 2342 4)
153 2311 209 2344 qu.
229 2312 306 2344 Briej
322 2313 467 2338 Nikolaus'
486 2313 510 2338 I.
530 2313 579 2338 Nr.
593 2314 636 2341 18.
655 2313 718 2338 MG.
732 2313 821 2345 Epist.
838 2312 887 2341 VI,
899 2312 951 2337 *386
961 2320 982 2337 c.
996 2312 1012 2337 4
1026 2312 1118 2343 (J.·E.
1131 2312 1229 2344 2750)·
1243 2312 1353 2337 Bosone
1371 2312 1483 2345 proprio
1501 2312 1562 2337 viro
1578 2312 1675 2337 relicto
1691 2320 1753 2337 ecce

114 2356 169 2381 iam
187 2364 235 2389 per
246 2357 301 2382 VII
319 2358 427 2383 circiter
445 2366 534 2383 annos
550 2358 602 2383 hac
620 2360 706 2390 atque
723 2357 786 2382 illac
799 2356 970 2389 vagabunda
986 2356 1118 2381 discurrit
1133 2356 1226 2388 (363).
1244 2371 1279 2374 —-
1294 2356 1405 2381 Schrors
1415 2356 1444 2381 S.
1457 2356 1509 2381 206
1520 2356 1556 2382 A.
1568 2356 1597 2385 2:
1614 2356 1754 2381 Dzimmler

115 2399 218 2429 112,17
229 2401 264 2426 A.
276 2402 301 2426 1.
407 2403 435 2433 5)
456 2396 526 2427 Uber
541 2401 583 2427 <lie
600 2401 819 2434 Stellwequohme
845 2401 890 2425 des
912 2401 1071 2433 Popsttums
1096 2415 1131 2418 —
1155 2400 1236 2426 sehon
1265 2400 1411 2426 Benedilcls
1430 2400 1502 2430 III„
1522 2400 1597 2425 donn
1616 2399 1754 2425 besovzders

114 2443 256 2470 Nikolaus‘
277 2445 302 2470 I.
331 2461 365 2463 —
393 2446 422 2470 in
441 2446 486 2471 der
506 2446 640 2471 Ehesache
662 2446 746 2471 Rosos
768 2445 821 2470 und
837 2444 998 2477 Enqeltruds
1013 2445 1061 2474 rql.
1079 2444 1143 2470 ΜΟ,
1160 2445 1248 2477 Epist.
1262 2444 1311 2474 VJ,
1327 2444 1403 2476 267s.
1421 2444 1471 2470 Nr.
1489 2445 1513 2469 1.
1530 2444 1547 2469 2
1565 2444 1656 2476 (J.-E.
1673 2444 1751 2469 2684.

113 2487 209 2521 2685),
239 2489 287 2514 mit
314 2490 360 2515 der
384 2490 610 2523 Vorbemerkunq:
640 2490 715 2515 Dum
743 2490 817 2514 idem
848 2489 1035 2514 celebraretur
1066 2488 1215 2514 concilium
1248 2489 1277 2514 in
1308 2488 1375 2514 villa
1400 2489 1528 2517 Tusiaeo,
1560 2488 1594 2513 he
1618 2488 1752 2521 epistolae

116 2533 284 2565 apostolicae
303 2534 407 2559 directe
426 2538 494 2560 sunt
527 2543 611 2560 causa
631 2534 748 2560 Bosonis
766 2537 796 2558 et
812 2534 906 2558 uxoris
918 2533 977 2558 eius
993 2533 1097 2566 (Epist.
1112 2533 1160 2562 VI,
1178 2533 1230 2558 267
1241 2533 1271 2558 Z.
1285 2533 1383 2566 27ff)‚·
1397 2533 1485 2565 Epist.
1500 2532 1548 2561 VI,
1562 2532 1638 2564 2807.
1656 2531 1705 2557 Nr.
1719 2531 1752 2556 18

118 2576 208 2608 (.J.-E.
226 2577 312 2610 2750)
328 2578 384 2603 und
400 2579 561 2604 namentlich
576 2579 645 2604 auch
659 2578 747 2611 Epist.
762 2578 810 2605 VJ.
825 2577 902 2609 341st
917 2577 968 2602 Nr.
982 2577 1016 2602 53
1032 2577 1124 2609 (J.—E.
1139 2577 1236 2610 2886).
1349 2578 1376 2608 6)
1396 2577 1495 2602 Lothfar
1508 2576 1550 2602 ΙΙ.
1567 2575 1750 2608 (855-869).

113 2621 140 2651 7)
157 2621 211 2653 Vyl.
239 2621 282 2647 die
303 2622 460 2648 Beschlfizsse
480 2631 529 2648 von
550 2623 668 2648 Koblen:
684 2622 767 2655 (860)
786 2630 820 2647 cc.
837 2622 861 2646 4.
878 2622 903 2649 5,
919 2621 983 2648 MC.
1000 2621 1091 2654 Capit.
1107 2621 1150 2650 II,
1166 2621 1228 2651 155,
1243 2620 1376 2646 beruhend.
1395 2621 1445 2653 aus
1458 2621 1540 2646 denen
1564 2629 1613 2645 von
1629 2620 1751 2645 Meersen

116 2664 197 2698 (851)
213 2674 248 2691 cc.
265 2666 289 2691 4.
305 2667 330 2696 5,
346 2666 410 2692 ΜΟ.
427 2667 517 2700 Capit.
534 2667 577 2696 II,
596 2668 636 2692 73.
652 2667 680 2692 S.
696 2666 765 2691 atich
782 2665 930 2695 Hinlcmar,
952 2665 991 2690 De
1008 2665 1101 2690 divort.
1119 2668 1218 2697 quaest.
1237 2666 1262 2695 5,
1281 2665 1376 2697 Miqve
1390 2664 1451 2694 125,
1467 2665 1525 2689 754.
1637 2665 1665 2695 8)
1686 2663 1749 2688 cod.

112 2708 215 2735 Justin.
236 2710 262 2739 Ι,
282 2710 324 2736 12.
442 2711 470 2742 9)
492 2711 548 2743 Vql.
571 2711 675 2743 Gregor.
700 2711 724 2735 Ι.
744 2710 806 2742 Rey.
829 2709 912 2737 VIII.
937 2709 980 2739 20,
1005 2709 1068 2734 ΜΟ.
1093 2709 1180 2742 Epist.
1205 2709 1248 2739 ΙΙ,
1266 2709 1300 2734 22
1327 2709 1419 2741 (ζῙΔ-Ε.
1444 2708 1542 2741 1505)-
1568 2708 1629 2740 Rey.
1654 2707 1750 2736 2217,

114 2753 176 2778 MG.
191 2754 278 2787 Epist.
296 2755 339 2784 II,
352 2755 405 2780 252
421 2755 512 2787 (ιλ-Ε.
526 2756 623 2787 1786),
720 2756 763 2786 10)
778 2754 834 2786 Vyl.
850 2753 997 2783 Hinkmar,
1016 2753 1056 2778 De
1068 2753 1161 2778 divort.
1176 2753 1266 2779 interr.
1282 2753 1325 2783 22,
1345 2753 1440 2785 Miqne
1454 2752 1514 2783 125,
1530 2752 1594 2781 743:
1612 2754 1709 2784 quaest.
1725 2751 1749 2780 5,

114 2797 207 2830 illique
226 2798 287 2828 125,
308 2799 366 2824 755.
476 2801 520 2830 11)
543 2799 572 2824 S.
597 2799 661 2824 oben
684 2799 718 2824 A.
732 2799 756 2824 5.

1490 2848 1539 2873 11*
