2220 3192
663 217 850 244 HINKMAR
870 218 949 244 VON
969 217 1089 244 REIMS
1111 218 1170 243 141.
1678 215 1738 244 113

97 311 176 345 plum
194 312 238 336 est
257 310 418 344 potestatis.
438 306 514 336 Ubi1
533 310 609 336 enim
627 319 684 336 una
703 310 794 337 deitas
812 310 994 345 intellegitur,
1014 319 1087 337 unus
1106 310 1182 337 Deus
1201 309 1315 341 dicitur,
1335 310 1402 343 quia
1420 318 1494 336 unus
1514 309 1600 340 Deus,
1619 317 1676 335 una
1695 309 1735 335 di·
1762 307 1938 338 860—861.

97 363 203 389 vinitas
221 366 252 389 et
269 363 364 389 unitas
382 362 561 396 intellegitur·
574 364 734 396 potestatis.
755 363 794 389 Et
812 366 869 389 tres
886 363 954 390 deos
972 372 1029 390 non
1048 364 1208 394 asserimus,
1227 363 1276 389 sed
1294 371 1440 397 negamus,
1459 363 1526 396 quia
1544 362 1740 396 pluralitatem

97 424 154 442 non
172 416 268 442 unitas
288 414 367 446 facit,
386 414 436 441 sed
454 415 557 441 divisio
576 417 737 449 potestatis.
763 416 930 447 Quomodo*
948 417 1024 443 enim
1038 417 1233 450 pluralitatem
1251 417 1351 450 recipit
1370 417 1465 442 unitas
1483 415 1654 447 divinitatis,
1675 424 1739 442 cum

98 468 246 504 pluralitas
266 468 377 494 numeri
397 468 444 499 sit,
465 476 617 494 numerum
636 471 734 495 autem
754 477 811 495 non
832 470 950 503 recipiat
970 469 1068 496 divina
1088 473 1202 497 natura.
1225 466 1311 497 Hinc
1335 465 1549 498 manifestum
1569 469 1629 503 est,
1649 465 1739 507 quia,

61 530 69 535 ·
101 519 185 550 sicut
200 518 312 549 unitas
327 528 505 549 numerum
519 528 585 548 non
600 517 709 555 habet,
726 518 771 549 ita
787 519 873 550 trina
888 519 942 550 vel
954 519 1088 550 trinitas
1103 530 1281 551 numerum
1293 519 1403 550 habet.
1417 519 1502 560 Ergo
1517 519 1605 560 quod
1619 518 1740 550 dicitur

97 572 225 603 trinum
243 571 297 602 vel
314 571 414 608 trina,
432 581 517 612 quae
535 569 658 602 habent
678 582 865 608 numerum,
886 572 921 602 in
941 576 1054 603 sancta
1074 576 1106 603 et
1126 571 1333 613 inseparabili
1353 572 1503 603 trinitate
1521 571 1655 603 deitatis
1674 582 1740 603 non

97 625 213 666 recipit
237 624 360 662 unitas,
386 624 440 655 sed
465 634 678 665 personarum
702 624 895 665 proprietas.
920 624 1117 656 Prosecutus
1138 635 1270 666 quoque
1295 635 1465 667 perversus
1488 625 1649 666 interpres
1672 624 1739 656 dia-

96 677 190 709 bolus
206 677 343 718 loquens
359 676 474 718 primis
489 676 679 708 hominibus
694 677 835 708 addidit:
849 676 1008 708 ‘Scientes
1023 677 1150 708 bonum
1164 681 1196 708 et
1213 677 1361 715 malum'‚
1376 682 1551 719 quatenus,
1569 678 1654 709 sicut
1670 678 1738 719 ipse
1756 685 1812 706 Gen·
1825 685 1846 709 3.
1858 684 1878 705 ⁵·

98 741 138 762 ex
160 734 318 772 provectu
341 729 498 761 avaritiae
520 740 620 771 supra
645 730 782 761 modum
802 730 1015 761 altitudinem
1037 734 1207 772 appetens,
1237 732 1368 771 quando
1390 731 1492 762 dixit:
1520 730 1657 763 ‘Similis
1685 741 1738 762 ero
1754 739 1806 759 lsai.
1820 738 1904 762 14.14.

99 783 291 821 Altissimo’,
311 783 439 820 cecidit,
460 783 506 814 ita
527 786 560 814 et
578 783 677 814 homo
698 781 931 814 immoderatob
951 782 1165 814 sublimitatis
1184 783 1313 815 ambitu
1332 784 1472 822 caderet,
1493 784 1578 815 sicut
1598 787 1631 815 et
1651 784 1739 816 fecit.

97 837 184 868 Nam
202 847 281 868 cum
299 836 443 868 indebite
461 836 627 878 appetivit
645 836 868 873 divinitatem,
888 836 1030 877 perdidit
1048 836 1134 868 iuste
1154 836 1465 869 immortalitatem0.
1486 841 1579 867 Huius
1599 841 1662 867 viae
1682 849 1740 867 me-

97 893 200 924 diator,
219 893 257 920 ut
274 889 480 931 Augustinus
496 889 576 920 dicit
586 889 609 926 ²,
627 889 754 920 homini
770 891 911 924 diabolus,
927 893 965 919 ut
978 889 1135 926 diximus,
1151 901 1299 927 persuasor
1316 894 1425 927 peccati
1443 896 1472 920 et
1490 894 1694 927 praecipitator
1710 894 1740 919 in

98 940 237 973 mortemd
255 943 379 974 extitit.
407 942 516 980 Quam
534 942 692 977 ‘mortem',
713 945 751 973 ut
770 946 908 979 scriptum
928 948 982 977 est,
1001 942 1091 971 ‘Deus
1111 955 1167 972 non
1182 943 1271 977 fecit’,
1293 947 1359 980 quia
1379 955 1465 973 causa
1485 947 1584 973 mortis
1603 947 1663 981 ipse
1682 955 1739 973 non
1758 952 1810 976 Sap.
1822 952 1843 975 1,
1855 951 1890 971 13.

96 1000 161 1026 suit.
181 999 236 1026 Sed
252 1008 301 1033 per
316 999 376 1026 eius
391 998 609 1026 retributionem
624 999 810 1025 iustissimam
828 1007 912 1030 mors,
927 995 967 1026 de
982 1006 1048 1036 qua
1065 996 1225 1036 scriptum
1242 999 1306 1027 est:
1323 995 1422 1027 ‘Mors
1436 999 1470 1027 et
1485 996 1555 1027 vita
1570 1006 1590 1027 a
1605 996 1739 1027 domino
1755 1004 1824 1025 Eceli.
1836 1004 1913 1029 11,14.

95 1050 163 1081 Deo
177 1048 248 1086 esis,
262 1053 405 1086 irrogata⁰
421 1055 465 1078 est
478 1052 630 1086 peccatori,
649 1052 723 1078 sicut
740 1051 910 1085 supplicium
928 1051 1014 1077 iudex
1032 1052 1158 1086 irrogate
1174 1061 1229 1078 reo.
1249 1052 1341 1079 Causa
1358 1058 1456 1079 tamen
1474 1053 1605 1087 supplicii
1622 1061 1679 1079 non
1697 1056 1741 1078 est

96 1106 247 1132 iniustitia
266 1105 376 1137 iudicis,
397 1105 446 1132 sed
468 1106 602 1132 meritum
623 1105 756 1132 cn‘m'mis.
779 1101 953 1131 Hominem3
970 1105 1084 1133 autem
1106 1102 1261 1133 miserum
1281 1106 1314 1133 et
1331 1102 1503 1134 mortalem
1518 1113 1576 1133 sua
1592 1102 1740 1134 suasione

96 1155 263 1192 effectum,
286 1167 370 1192 quem
391 1167 440 1192 per
460 1159 673 1185 consensionem
693 1158 844 1185 seductum
864 1161 1013 1192 tamquam
1033 1159 1092 1184 iure
1112 1159 1222 1192 integro
1242 1158 1406 1193 possidebat
1416 1153 1434 1190 f,
1454 1161 1484 1184 et
1503 1159 1563 1193 ipse
1584 1158 1662 1184 nulla
1682 1167 1740 1185 cor-

96 1213 227 1247 ruptione
243 1213 334 1239 carnis
349 1216 379 1238 et
394 1212 538 1246 sanguinis
554 1215 660 1245 septus,
677 1220 726 1245 per
741 1212 848 1245 ipsam
864 1212 987 1245 corporis
1003 1211 1187 1245 flagilitatem
1201 1212 1285 1237 nimis
1300 1220 1430 1246 egenum
1445 1215 1474 1238 et
1488 1211 1642 1238 infirmum
1658 1214 1741 1238 tanto

97 1265 251 1299 superbior,
271 1269 379 1299 quanto
398 1264 477 1291 velut
494 1265 581 1291 ditior
597 1268 627 1290 et
644 1264 754 1295 fortior,
774 1265 854 1298 quasi
872 1273 999 1298 pannoso
1016 1268 1046 1290 et
1063 1273 1230 1291 aerumnoso
1249 1262 1283 1292 in
1301 1272 1359 1293 sua
1376 1262 1479 1293 etiam
1497 1261 1674 1302 propagine
1692 1264 1741 1291 do-

96 1319 249 1349 minatus,
267 1315 344 1356 quia
361 1314 445 1352 ‘per4
462 1327 551 1344 unum
569 1318 712 1344 hominem
728 1322 877 1351 peccatum
895 1319 1015 1344 intravit
1031 1319 1060 1343 in
1079 1318 1216 1344 mundum
1233 1322 1264 1344 et
1280 1326 1330 1352 per
1347 1322 1497 1352 peccatum
1515 1327 1590 1344 mors
1607 1321 1637 1344 et
1654 1318 1695 1344 ita
1711 1318 1739 1343 in
1757 1323 1825 1343 Rom.
1836 1321 1859 1347 5,
1870 1322 1904 1342 12.

95 1380 192 1398 omnes
214 1372 342 1398 homines
364 1372 558 1406 pertransivit,
580 1372 609 1397 in
633 1379 688 1405 quo
711 1379 808 1397 omnes
831 1367 1041 1405 peceaverunt’‚
1064 1379 1096 1399 se
1117 1368 1151 1398 in
1174 1367 1367 1405 simulacriS‚
1384 1367 1535 1399 Videlicet
1556 1368 1591 1399 in
1607 1367 1742 1398 diversis

94 1422 188 1463 quasi
211 1421 416 1459 numinibus,
446 1432 503 1463 per
527 1421 691 1453 mundum
715 1421 905 1452 universum
927 1421 1071 1462 quadam
1093 1421 1219 1453 iustitia
1241 1421 1301 1452 Dei
1325 1421 1384 1452 sibi
1406 1421 1569 1452 traditum
1590 1420 1632 1452 ad
1654 1430 1741 1452 com-

96 1475 303 1517 parationem
322 1475 527 1516 perditorum
546 1474 660 1516 paucis
678 1474 825 1515 exceptis
851 1474 960 1505 electis
981 1485 1082 1514 usque
1100 1475 1141 1505 ad
1161 1475 1343 1506 adventum
1357 1473 1492 1505 Domini
1511 1473 1572 1505 coli
1593 1474 1680 1505 fecit.
1701 1472 1742 1504 In

96 1529 189 1560 cuius
208 1528 353 1559 adventu
376 1528 497 1558 videns⁵
518 1531 625 1565 templa
645 1530 817 1557 daemonum
838 1531 927 1557 deseri
947 1534 977 1556 et
996 1531 1026 1556 in
1047 1539 1149 1557 nomen
1169 1531 1316 1557 liberantis
1338 1531 1502 1557 mediatoris
1523 1538 1633 1557 currere
1653 1538 1741 1563 genus

95 1585 254 1612 humanum
274 1584 431 1611 haereticos
454 1585 554 1615 movit,
578 1584 625 1619 qui
647 1584 700 1610 sub
722 1584 861 1610 vocabulo
883 1584 1042 1610 Christiano
1064 1584 1210 1610 doctrinae
1231 1585 1412 1610 resisterent&
1433 1583 1638 1614 Christianaess‚
1662 1583 1742 1616 quasi

96 1643 212 1672 possent
231 1637 426 1664 indifferenter
445 1638 505 1664 sine
526 1638 583 1664 ulla
605 1638 781 1671 correptione
797 1637 893 1663 haberi
907 1638 935 1663 in
951 1638 1067 1663 civitate
1083 1637 1144 1668 Dei,
1159 1638 1233 1664 sicut
1247 1637 1348 1663 civitas
1363 1636 1535 1663 confusionis
1549 1636 1743 1662 indifferenter

96 1691 197 1718 habuit
213 1691 396 1725 philosophos
419 1692 494 1717 inter
517 1699 546 1717 se
562 1691 675 1717 diversa
691 1694 721 1716 et
738 1691 858 1717 adversa
874 1691 1037 1716 sentientes.
1061 1690 1113 1721 Qui
1131 1699 1196 1724 ergo
1212 1691 1241 1716 in
1259 1690 1376 1716 ecclesia
1392 1689 1496 1717 Christi
1514 1689 1676 1716 morbidum
1693 1689 1741 1715 ali-

99 1745 165 1779 quid
174 1752 353 1778 pravumque
364 1741 523 1777 sentiunt,
535 1745 558 1770 si
569 1744 700 1778 correpti,
711 1747 745 1769 ut
755 1753 855 1770 sanum
866 1747 1031 1777 rectumque
1042 1744 1164 1777 sapiant,
1175 1744 1312 1769 resistunt
1322 1743 1530 1769 contumaciter
1539 1750 1646 1776 suaque
1657 1742 1742 1775 pesti-

97 1798 156 1824 fera
177 1801 207 1824 et
229 1797 375 1824 mortifera
396 1797 533 1831 dogmata
554 1797 705 1823 emendare
728 1797 838 1827 nolunt,
858 1797 906 1823 sed
928 1796 1074 1822 defensare
1096 1797 1261 1830 persistunt,
1284 1796 1418 1822 haeretiei
1442 1795 1524 1822 fiunt.
1550 1791 1667 1822 Genus⁶
1686 1792 1742 1822 ho-

98 1848 228 1880 minum
250 1845 398 1877 calidumh
419 1859 476 1877 non
500 1851 601 1884 spiritu
625 1851 791 1884 sapientiae,
816 1850 863 1876 sed
886 1850 1083 1883 impatientiae
1093 1848 1111 1880 ¹,
1136 1858 1192 1883 quo
1215 1849 1307 1875 solent
1325 1849 1534 1875 haereticorum
1556 1848 1663 1876 fervere
1688 1848 1742 1881 pri·

99 1904 207 1931 mordia
225 1907 256 1930 et
274 1912 375 1938 pacem
394 1903 560 1938 perturbare
580 1907 754 1930 sanctorum.

195 1953 286 1991 Quae
297 1953 387 1985 beati
397 1954 575 1995 Augustini
587 1953 685 1985 verba
700 1953 733 1984 in
748 1952 935 1985 Gotescalco
949 1952 1067 1994 spiritu
1080 1951 1237 1983 diabolico
1251 1952 1416 1993 exagitato
1430 1951 1607 1993 potiusque
1620 1950 1742 1992 repleto

100 2006 269 2039 multoties
285 2017 401 2038 sumus
416 2007 554 2048 experti.
574 2009 629 2037 Sed
646 2009 748 2040 baeck,
766 2010 803 2037 ut
820 2006 922 2037 isdem
938 2006 1054 2036 beatus
1062 2005 1269 2046 Augustinus
1283 2005 1396 2040 dicit⁷‚
1412 2008 1442 2034 in
1458 2016 1542 2034 usum
1559 2007 1665 2034 cedunt
1680 2015 1743 2041 pro-

98 2063 255 2090 ficientium
272 2064 354 2090 iuxta
372 2063 442 2089 illud
461 2063 596 2097 apostoli:
616 2060 751 2097 ‘Oportet
769 2065 799 2089 et
817 2063 944 2089 haereses
963 2070 1031 2092 esse,
1051 2067 1084 2088 ut
1103 2061 1217 2095 probati
1236 2061 1380 2088 manifesti
1399 2060 1471 2087 fiant
1487 2061 1518 2086 in
1536 2057 1639 2086 vobis’.
1659 2059 1742 2087 Unde
1758 2066 1777 2085 1.
1789 2065 1840 2086 cor.
1852 2066 1888 2089 11,
1899 2064 1935 2085 19.

95 2117 183 2143 etiam
201 2117 341 2150 scriptum
357 2120 414 2142 est:
432 2113 535 2143 ‘Filius
552 2117 680 2143 eruditus
699 2117 810 2150 sapiens
828 2116 891 2146 erit,
909 2109 1107 2149 imprudente¹
1123 2118 1221 2141 autem
1240 2115 1369 2142 ministro
1387 2110 1506 2141 utetur'.
1526 2113 1617 2140 Multa
1636 2114 1740 2147 quippe
1757 2116 1902 2142 Ptov.10,5.

97 2170 133 2196 ad
158 2170 243 2196 fidem
268 2170 439 2196 catholicam
463 2170 646 2204 pertinentia,
670 2170 740 2196 dum
765 2169 971 2196 haereticorum
996 2167 1087 2194 calida
1111 2167 1308 2201 inquietudine
1332 2168 1525 2201 exagitantur,
1549 2170 1583 2192 ut
1607 2166 1743 2193 adversus

97 2231 144 2249 eos
164 2223 278 2249 defendi
300 2224 420 2257 possint,
441 2226 471 2249 et
492 2223 708 2250 considerantur
726 2222 888 2256 diligentius
909 2225 939 2247 et
958 2221 1162 2254 intelleguntur
1184 2221 1285 2247 clarius
1306 2223 1336 2246 et
1355 2221 1510 2246 instantius
1531 2220 1742 2254 praedicantur.

96 2272 141 2304 Et
157 2272 265 2310 multi,
281 2273 340 2314 qui
357 2273 483 2314 optime
498 2277 661 2314 possuntm
678 2273 857 2313 scripturas
873 2271 1037 2302 dinoscere
1052 2274 1085 2301 et
1100 2274 1310 2312 pertractare,
1321 2269 1470 2301 latebant
1489 2270 1524 2301 in
1542 2269 1665 2311 populo
1683 2269 1742 2300 Dei

100 2336 156 2357 nec
178 2326 365 2358 asserebant
388 2326 603 2358 solutionemn
625 2326 858 2367 quaestionum
879 2323 1077 2361 difficilium,
1092 2334 1171 2355 cum
1191 2323 1412 2355 calumniator
1434 2322 1548 2354 nullus
1569 2322 1743 2354 obstaret0.

188 2454 212 2481 ³¹)
234 2451 277 2475 -do
292 2452 337 2482 aul
353 2451 413 2475 Bas.
431 2451 461 2476 Β.
561 2450 585 2481 b)
603 2451 688 2475 Teilw.
703 2452 747 2480 aas
764 2450 824 2473 Rae.
840 2449 900 2473 verb.
918 2449 948 2472 B.
1049 2451 1072 2478 ο)
1087 2448 1170 2472 Ετειε3
1185 2456 1211 2471 m
1225 2456 1272 2472 aus
1286 2456 1303 2471 n
1317 2448 1379 2471 verb.
1397 2447 1428 2471 B.
1529 2445 1555 2477 d)
1571 2450 1653 2470 morte
1668 2447 1744 2470 Sirra.

99 2497 121 2522 θ)
136 2495 220 2520 Erstes
231 2504 243 2519 r
255 2495 331 2520 durch
346 2496 406 2520 Rae.
419 2496 490 2523 verb„
507 2495 624 2520 vielleicht
637 2503 685 2518 aas
699 2504 716 2518 n
734 2495 763 2518 Β.
849 2492 868 2523 ¹)
884 2493 940 2517 -bat
954 2493 1001 2523 auf
1017 2492 1077 2516 Rae.
1092 2493 1154 2516 verb.
1172 2492 1202 2516 B.
1289 2494 1312 2521 ἔ)
1327 2493 1490 2516 Christianae
1503 2491 1651 2515 resisterent
1667 2490 1744 2514 Sirm.

100 2538 124 2569 Ῐ3)
146 2540 268 2564 callidum
282 2540 359 2564 Sirm.
451 2538 470 2570 ³)
492 2548 517 2563 m
531 2548 578 2564 aus
592 2548 608 2563 n
623 2540 685 2563 verb.
703 2539 732 2562 B.
827 2537 851 2567 k)
873 2538 919 2561 hoc
935 2537 1011 2561 Sirm.
1103 2535 1122 2567 ¹)
1144 2545 1168 2560 m
1182 2544 1229 2560 aas
1243 2545 1260 2560 n
1275 2536 1336 2560 verb.
1354 2536 1384 2560 Β,
1478 2537 1510 2566 ¹1¹)
1532 2538 1654 2566 poterant
1668 2535 1744 2558 Sirm.

101 2586 125 2612 ι1)
147 2584 288 2608 solutiones
307 2584 383 2608 sirm.
469 2587 493 2613 Ο)
513 2585 623 2608 instaret
643 2584 719 2607 Sirm.

192 2682 217 2713 l)
236 2681 347 2706 Ebenda
365 2689 385 2706 c.
400 2681 443 2709 13,
462 2681 558 2714 Miqne
576 2680 653 2710 XVI,
673 2680 749 2711 7957.
857 2679 884 2709 2)
906 2678 946 2703 De
967 2677 1086 2702 trinitate
1106 2677 1155 2707 IV,
1176 2677 1220 2705 12.
1242 2677 1338 2710 Miyne
1355 2677 1399 2707 42,
1417 2676 1478 2702 898.
1586 2676 1614 2708 3)
1635 2675 1745 2701 Ebmzda

99 2724 148 2755 IV,
163 2725 206 2753 13,
228 2725 324 2758 Miyrze
338 2725 381 2755 42,
395 2725 472 2757 899j.
559 2726 586 2756 4)
605 2724 716 2750 Ebenda
733 2723 782 2753 IV,
796 2723 839 2752 1⁴2,
858 2722 953 2755 Miyne
967 2721 1010 2752 452,
1022 2721 1088 2751 89&
1107 2722 1317 2755 Ps.—Auquslin.
1330 2721 1510 2754 Hypomnest.
1526 2720 1557 2751 V,
1568 2721 1594 2750 5,
1606 2720 1631 2750 8,
1650 2720 1746 2752 Miyne,

100 2769 143 2799 45,
160 2769 231 2794 1644
255 2778 282 2795 u.
302 2772 325 2795 ὅ.
442 2770 469 2801 5)
487 2769 635 2802 Anyustin.
659 2769 690 2794 dc
714 2768 819 2794 civitate.
839 2767 891 2792 Dei
910 2766 1024 2793 XVIII.
1040 2767 1083 2796 51,
1111 2766 1191 2799 Corp.
1209 2766 1322 2792 Vindob.
1344 2766 1387 2796 40,
1404 2765 1480 2798 351j.
1588 2765 1615 2796 6)
1636 2763 1745 2789 Ebemla

99 2813 176 2843 XVI,
196 2814 221 2843 2,
242 2813 323 2846 Corp.
341 2813 453 2839 Vindob.
472 2813 515 2843 40,
529 2813 590 2838 124.
685 2814 712 2843 7)
738 2811 846 2837 Ebemla
871 2810 914 2841 40,
932 2810 1009 2842 124j.

187 2862 356 2888 EPISTOLAE
370 2862 455 2888 VIII.
1501 2858 1534 2883 15
