2220 3192
470 204 527 231 130
1031 197 1218 224 HINKMAR
1240 196 1316 222 VON
1338 195 1456 221 REIMS
1480 196 1538 221 160.

363 296 436 324 863.
463 303 562 323 nones
577 292 691 323 dicunt
700 290 726 320 ¹:
745 292 773 318 Si
788 292 888 324 aliquis
903 291 1051 323 episcopus
1066 289 1208 314 iudicatus
1223 288 1310 313 fuerit
1322 288 1352 313 in
1362 287 1459 320 aliqua
1470 295 1555 313 causa
1569 290 1599 312 et
1609 289 1695 320 putat
1709 294 1737 312 se
1748 286 1853 313 bonam
1865 295 1979 313 causam
1990 286 2103 318 habere,

460 353 491 375 ut
506 349 609 374 iterum
625 346 772 372 concilium
788 346 950 372 renovetur,
960 343 983 367 si
999 342 1079 367 vobis
1095 341 1197 374 placet,
1205 336 1300 366 ‘sancti
1311 340 1388 365 Petri
1403 339 1525 373 apostoli
1541 340 1707 365 memon'am
1722 339 1901 370 honoremus,
1916 342 1950 365 ut
1963 339 2104 366 scribatur

459 402 496 428 ab
513 401 564 429 his,
582 400 628 432 qui
646 406 760 424 causam
775 397 987 425 examinarunt,
1004 394 1077 420 Iulio
1095 394 1225 420 Romano
1240 394 1373 426 episcopo
1389 396 1428 423 et,
1444 393 1468 418 si
1484 392 1654 418 iudicaverit
1669 392 1865 419 renovandum
1880 401 1940 418 esse
1955 393 2103 425 iudicium,

459 456 610 479 renovetur
626 454 655 476 ct
672 451 721 475 det
737 449 856 478 iudices3
874 449 896 473 si
915 451 1012 474 autem
1030 447 1195 480 probaverit
1212 446 1342 478 tale[m]2
1360 453 1475 471 causam
1492 453 1563 476 esse,
1580 449 1614 471 ut
1631 453 1687 471 non
1704 445 1872 472 refricentur
1888 454 1931 477 ea,
1950 454 2021 479 quae
2038 450 2104 473 acta

459 509 534 535 sunt,
557 513 627 537 quae
647 502 804 528 decreverit
824 501 991 527 confirmata
1011 503 1104 525 erunt.
2130 506 2142 526 5

548 563 594 592 19.
619 561 663 592 Et
682 559 816 591 Hilarus
833 570 919 600 papa
935 559 970 589 in
986 558 1122 590 decretis
1138 558 1180 589 ad
1195 557 1341 598 quinque
1359 556 1540 598 provintias
1556 556 1669 587 dicit22
1687 560 1763 586 Inud
1778 561 1867 587 etiam
1883 569 1941 586 non
1956 561 2103 594 potuimus

460 618 619 653 praeterire,
637 617 713 650 quod
730 615 920 642 sollicitudine
938 615 1114 648 diligentiore
1133 613 1290 640 curandum
1306 617 1360 644 est,
1377 622 1411 639 ne
1429 616 1542 647 praeter
1559 613 1845 647 metropolitanorum
1861 622 1977 640 suorum
1993 614 2103 641 litteras

457 672 544 705 aliqui
564 670 600 697 ad
621 669 779 703 quamlibet
798 669 973 702 provintiam
993 668 1119 694 audeant
1138 666 1285 701 proficisci.
1321 666 1404 698 Quod
1421 667 1511 693 etiam
1529 667 1559 692 in
1578 667 1656 692 omni
1674 674 1774 700 genere
1793 667 1880 693 officii
1900 666 2035 693 clericalis
2055 675 2104 701 per

457 724 580 758 singulas
596 723 682 749 debet
697 722 826 748 ecclesias
844 721 994 751 custodiri;
1016 721 1051 748 et
1067 717 1132 748 Leo
1148 717 1190 748 ad
1207 715 1447 748 Theodorum3:
1478 720 1550 751 Quia
1566 720 1596 745 in
1614 721 1714 751 causis,
1739 728 1810 753 quae
1827 719 1864 746 ad
1880 720 2039 753 generalem
2055 720 2103 747 ob·
2210 757 2213 759 .

457 777 630 803 servantiam
652 775 797 809 pertinent
819 775 946 801 onmium
969 774 1084 800 Domini
1106 773 1297 804 sacerdotum,
1320 773 1390 799 nihil
1411 774 1470 798 sine
1493 773 1665 806 primatibus
1686 776 1802 806 oportet
1821 773 1946 807 impleri.
1974 770 2019 801 Et
2038 770 2105 802 An-
2131 781 2155 801 10
2202 799 2215 808 .

456 826 619 858 thiocheni
640 835 779 856 canones
800 823 951 855 dicunt4:
977 828 1029 854 Per
1050 827 1175 860 singulas
1195 827 1322 860 regiones
1342 827 1490 860 episcopos
1513 827 1646 852 convenit
1666 834 1748 852 nosse
1771 826 2025 860 metropolitanum
2046 827 2104 861 epi-

456 892 574 917 scopum
593 881 813 908 sollicitudinem
833 881 923 906 totius
944 881 1105 914 provintiae
1125 888 1219 913 gerere
1226 889 1233 910 3
1254 882 1371 913 propter
1391 879 1468 912 quod
1487 879 1542 905 adb
1563 879 1762 913 metropolimb
1781 888 1879 906 omnes
1898 879 2035 913 undique,
2056 881 2105 913 qui

458 937 571 970 negotia
586 935 720 961 videntur
736 934 848 965 habere,
866 937 1053 960 concurrant.
1071 933 1154 959 Unde
1170 933 1279 967 placuit
1293 941 1358 959 eum
1374 937 1404 959 et
1418 933 1524 958 honore
1541 932 1708 966 praecellere
1723 938 1754 958 et
1769 932 1839 959 nihil
1854 933 1976 967 amplius
1993 938 2105 966 praeter

456 998 521 1016 eum
538 992 646 1015 ceteros
661 989 808 1022 episcopos
824 995 905 1020 agere
922 987 1078 1013 secundum
1094 987 1245 1020 antiquam
1261 995 1278 1013 a
1295 986 1425 1020 patribus
1442 986 1547 1012 nostris
1563 986 1689 1019 regulam
1706 987 1905 1017 constitutam,
1922 986 1976 1012 nisi
1992 995 2025 1012 ea
2042 989 2104 1013 tan-

457 1049 529 1073 tum,
546 1050 617 1076 quae
634 1041 670 1068 ad
686 1050 767 1067 suam
783 1040 918 1067 diocesim
934 1041 1087 1074 pertinent.
1106 1040 1164 1066 Nec
1181 1039 1419 1073 metropolitanus
1435 1040 1494 1065 sine
1511 1042 1670 1065 ceterorum
1686 1043 1766 1072 gerat
1781 1039 1898 1066 consilio
1914 1039 2105 1066 sacerdotum.
2131 1045 2156 1066 15

454 1093 499 1124 Et
520 1091 714 1123 Bonefacius
736 1101 820 1132 papa
841 1090 955 1121 dioit⁵z
978 1093 1118 1119 Convenit
1138 1097 1394 1126 nospaternarum
1414 1093 1595 1118 sanctionum
1616 1092 1764 1125 diligentes
1784 1101 1844 1118 esse
1866 1093 2005 1119 custodes.
2028 1093 2105 1119 Nulli

455 1150 561 1175 etenim
583 1148 697 1174 videtur
718 1147 862 1180 incognita
883 1146 985 1180 synodi
1007 1147 1177 1172 constitutio
1199 1146 1352 1176 Nichenae‚
1382 1154 1454 1179 quae
1475 1146 1518 1172 ita
1540 1146 1688 1179 praecipit,
1710 1148 1744 1171 ut
1764 1146 1863 1172 eadem
1885 1146 1996 1179 proprie
2018 1146 2106 1172 verba

456 1210 606 1236 ponamus,
630 1209 678 1234 per
695 1208 927 1234 unamquamque
945 1200 1122 1233 provintiam
1137 1200 1181 1225 ius
1198 1199 1431 1233 metropolitanos
1446 1199 1569 1232 singulos
1585 1199 1687 1225 habere
1703 1198 1804 1225 debere
1820 1207 1870 1224 nec
1886 1199 2019 1233 cuiquam
2034 1199 2105 1226 duas

455 1264 514 1281 esse
531 1255 682 1284 subiectas,
701 1254 776 1287 quod
792 1253 842 1284 illi,
867 1254 933 1287 quia
949 1253 1032 1279 aliter
1049 1252 1221 1279 credendum
1238 1261 1295 1278 non
1311 1256 1364 1282 est,
1382 1252 1555 1278 servandum
1571 1256 1672 1278 sancto
1688 1252 1790 1285 spiritu
1807 1255 1973 1286 suggerente
1990 1252 2106 1278 sibimet

456 1310 634 1335 censuerunt.
672 1303 775 1338 Quod⁰
795 1306 899 1332 idcirco
920 1306 1051 1336 dicimus,
1073 1309 1106 1332 ut
1127 1306 1262 1332 advertat
1283 1306 1387 1332 caritas
1408 1308 1459 1332 tua
1480 1306 1552 1332 adeo
1574 1314 1625 1331 nos
1647 1314 1788 1331 canonum
1809 1309 1962 1340 praecepta
1983 1314 2105 1336 servare,
2129 1313 2157 1333 20
2204 1290 2212 1306 '-

456 1365 490 1388 ut
502 1362 544 1387 ita
559 1361 727 1387 constitutio
742 1368 854 1393 quoque
869 1362 967 1385 nostra
981 1359 1109 1389 definiat,
1125 1362 1266 1392 quatenus
1282 1359 1495 1392 metropolitani
1509 1359 1553 1385 sui
1567 1367 1755 1392 unaquaeque
1770 1359 1916 1393 provintia
1928 1359 1958 1384 in
1972 1358 2105 1385 omnibus

456 1414 538 1440 rebus
557 1414 766 1439 ordinationem
784 1421 895 1446 semper
912 1416 1054 1446 expectet.
1080 1409 1123 1440 Et
1140 1409 1407 1440 Anthiochenum
1431 1408 1609 1440 concilium
1634 1408 1744 1445 dicit⁷‚
1772 1411 1811 1440 ut
1836 1411 1930 1438 nullus
1955 1413 2105 1446 episcopus

455 1476 490 1493 ex
511 1468 566 1494 alia
588 1467 731 1501 provintia
751 1466 858 1492 audeat
878 1466 915 1492 ad
936 1465 1022 1492 aliam
1043 1466 1212 1499 transgredi,
1240 1466 1294 1491 nisi
1314 1466 1417 1492 litteris
1439 1468 1500 1491 tam
1522 1465 1736 1498 metropolitani
1757 1473 1844 1498 quam
1865 1468 2034 1496 ceterorum,
2056 1466 2105 1499 qui

457 1529 521 1547 cum
537 1529 571 1546 eo
587 1523 664 1549 sunt,
681 1520 879 1553 episcoporum
895 1522 1012 1553 rogatus
1029 1519 1174 1545 adveniat.
1195 1518 1225 1545 Si
1242 1527 1309 1544 vero
1326 1519 1404 1544 nullo
1421 1522 1542 1545 vocante
1559 1518 1723 1544 inordinato
1741 1526 1817 1544 more
1835 1518 2005 1553 deproperet
2021 1527 2106 1553 super

456 1574 598 1607 aliquibus
612 1573 839 1599 ordinationibus
852 1575 883 1598 et
895 1573 1092 1598 ecclesiasticis
1107 1572 1227 1606 negotiis
1241 1572 1279 1599 acl
1291 1580 1358 1598 eum
1372 1580 1430 1598 non
1444 1571 1653 1606 pertinentibus
1669 1571 1880 1605 componendis,
1894 1572 1977 1598 irrita
1992 1571 2107 1606 quidem
2131 1577 2156 1597 2⁵

458 1636 529 1660 quac
545 1627 582 1652 ab
597 1635 631 1652 eo
647 1629 783 1659 geruntur
797 1626 938 1655 existant;
954 1627 1013 1660 ipse
1030 1634 1097 1651 vero
1113 1626 1295 1659 incompositi
1312 1628 1406 1651 motus
1422 1626 1466 1651 sui
1481 1628 1511 1650 et
1526 1625 1735 1651 inrationabilis
1751 1625 1887 1652 audaciae
1903 1625 2006 1651 subeat
2021 1624 2105 1651 ultio-

458 1689 532 1710 nem,
551 1688 585 1705 ex
605 1680 658 1705 hoc
677 1681 733 1706 iam
753 1679 927 1712 dampnatus
946 1688 963 1705 a
982 1682 1082 1705 sancto
1103 1679 1229 1705 concilio.
1258 1675 1303 1706 Et
1321 1675 1397 1706 hinc
1419 1674 1621 1707 Caelestinus
1641 1685 1727 1717 papa
1747 1674 1863 1706 dicit⁸:
1884 1678 1972 1704 quta
1991 1678 2106 1705 decreta

458 1741 598 1759 canonum
617 1741 803 1766 unaquaeque
822 1733 968 1766 provintia
986 1741 1037 1758 suo
1057 1732 1279 1766 metropolitano
1298 1735 1434 1758 contenta
1452 1732 1500 1762 sit,
1519 1735 1553 1757 ut
1570 1732 1724 1758 decessoris
1743 1732 1833 1757 nostri
1852 1731 1921 1758 data
1940 1731 1977 1758 ad
1996 1732 2105 1758 Narbo-

458 1795 573 1812 nensem
589 1787 752 1819 episcopum
769 1787 917 1811 continent
934 1787 1102 1816 constituta,
1119 1794 1170 1812 nec
1186 1786 1385 1819 usurpationi⁰
1402 1785 1480 1811 locus
1497 1785 1581 1811 alicui
1596 1785 1738 1811 sacerdoti
1753 1785 1783 1810 in
1799 1785 1916 1811 alterius
1933 1785 2106 1811 concedatur

458 1839 585 1866 iniuriad.
613 1838 657 1865 Sit
670 1839 807 1865 concessis
820 1839 874 1864 sibi
889 1842 1040 1865 contentus
1054 1839 1248 1872 unusquisque
1261 1838 1417 1869 limitibus3
1431 1838 1503 1864 alter
1515 1839 1545 1864 in
1559 1837 1675 1864 alterius
1689 1838 1835 1872 provintia
1848 1838 1919 1864 nihil
1932 1841 2105 1872 praesumat.
2130 1843 2158 1863 30

457 1890 500 1920 Et
522 1887 772 1920 Calcedonenses
792 1899 932 1920 canones
952 1888 1104 1920 dicunt9:
1128 1892 1263 1925 Decrevit
1282 1892 1380 1925 itaque
1401 1895 1501 1918 sancta
1521 1891 1647 1925 synodus
1668 1891 1826 1918 secundum
1847 1899 1967 1918 canones
1989 1894 2105 1925 patrum

459 1946 500 1971 bis
516 1946 545 1970 in
560 1954 634 1971 anno
649 1946 795 1979 episcopos
810 1946 840 1971 in
854 1945 885 1971 id
898 1946 993 1979 ipsum
1009 1946 1038 1971 in
1054 1953 1225 1979 unaquaque
1242 1946 1387 1978 provintia
1403 1945 1562 1976 convenire,
1580 1953 1635 1978 quo
1652 1944 1889 1978 metropolitanus
1905 1945 2026 1971 antistes
2042 1953 2105 1978 pro-

459 1999 579 2028 baverit,
600 2003 630 2024 ct
652 1999 787 2032 corrigere
808 1999 928 2032 singula,
950 2000 973 2024 si
997 2007 1053 2032 qua
1075 1999 1203 2025 fortassis
1225 1999 1400 2024 emerserint.
1432 1994 1494 2025 Εΐθ
1517 1994 1747 2035 Cartaginense
1768 1993 1960 2026 concilium:
1984 1998 2105 2028 Placuit,

458 2047 609 2089 inquitlo,
627 2055 660 2077 ut
676 2052 834 2085 presbiteri,
851 2052 963 2078 diaconi
980 2052 1024 2078 vel
1041 2053 1127 2078 ceteri
1141 2052 1288 2078 inferiores
1305 2052 1397 2078 clerici
1413 2052 1442 2077 in
1459 2051 1560 2082 causiS‚
1572 2059 1642 2085 quas
1659 2051 1821 2082 habuerint,
1831 2052 1854 2077 si
1871 2051 1905 2077 de
1921 2051 2032 2077 iudiciis
2048 2052 2105 2085 epi-

459 2113 607 2138 scoporum
627 2113 741 2130 suorum
763 2106 855 2138 questi
875 2105 991 2133 fuerint.
1011 2106 1097 2131 vicini
1116 2105 1241 2140 episcopi
1260 2113 1308 2131 eos
1328 2114 1392 2131 cum
1413 2113 1551 2131 consensu
1570 2105 1613 2130 sui
1632 2105 1758 2138 episcopi
1777 2105 1898 2130 audiant
1916 2108 1946 2130 et
1964 2105 2039 2130 inter
2057 2113 2106 2130 eos
2129 2107 2156 2129 35

459 2157 603 2183 diffiniant
617 2157 739 2183 adhibiti
754 2158 791 2183 ab
804 2159 844 2183 eis
858 2159 991 2192 episcopi.
1023 2158 1130 2190 Quodsi
1144 2161 1175 2184 et
1189 2158 1226 2185 ab
1240 2159 1280 2184 eis
1295 2157 1510 2192 provocandum
1525 2158 1701 2192 putaverint,
1716 2166 1773 2183 non
1788 2161 1946 2191 provocent
1960 2158 1997 2184 ad
2013 2161 2104 2184 trans-

461 2211 569 2236 marina
588 2211 702 2239 iudicia.
722 2211 771 2235 sed
791 2211 827 2236 ad
848 2212 983 2244 primates
1003 2220 1119 2237 suarum
1140 2212 1360 2246 provintiarum,
1379 2212 1454 2238 sicut
1473 2215 1503 2237 et
1522 2211 1556 2236 de
1576 2211 1716 2245 episcopis
1735 2219 1818 2244 saepe
1840 2211 2032 2237 constitutum
2051 2215 2103 2236 est.

544 2341 567 2367 ¹²)
586 2338 815 2369 Kilrzuuqszeinhen
833 2339 890 2362 riiber
906 2348 919 2363 (ι
937 2340 1084 2365 iterblirhen:
1100 2341 1246 2365 Zeilenende
1266 2341 1296 2365 B.
1394 2339 1417 2371 b)
1435 2341 1453 2364 d
1470 2341 1633 2371 metropolim
1650 2341 1695 2370 aul
1714 2340 1774 2364 Rae.
1794 2340 1824 2364 B.
1910 2342 1933 2370 ⁰)
1949 2340 2104 2367 Zeilenende,

462 2382 518 2405 [luch
539 2382 705 2406 rmsdoeinend
722 2383 801 2406 michas
820 2384 926 2407 verlorcn.
948 2384 977 2408 Β.
1089 2384 1113 2414 (1)
1134 2385 1186 2409 Das
1205 2386 1315 2416 solqevzde
1336 2385 1403 2409 Blatt
1420 2385 1452 2409 ist
1471 2384 1723 2415 heramywchnittem
1741 2392 1795 2408 vom
1816 2384 1878 2408 Text
1897 2384 1955 2413 fehlt
1973 2384 2053 2408 nichts
2075 2384 2104 2408 Β.

462 2430 485 2453 ³¹)
504 2426 552 2450 Van
569 2427 621 2449 hier
637 2427 674 2450 bis
690 2429 869 2458 praemisimus
885 2428 928 2457 (S.
941 2430 986 2453 131
1002 2428 1031 2452 Z.
1043 2431 1073 2459 9)
1095 2437 1178 2459 engere
1197 2430 1298 2460 Schrzfl,
1321 2430 1359 2454 bis
1382 2431 1492 2454 auctori-
1513 2429 1674 2460 (Seitenende
1688 2440 1716 2449 =
1730 2429 1757 2454 S.
1767 2430 1813 2454 131
1830 2429 1860 2453 Z.
1872 2428 1917 2459 10)
1937 2429 1983 2459 aus
1996 2429 2055 2452 Bas.
2075 2429 2106 2452 B.
2130 2432 2156 2452 40
2190 2431 2193 2452 ἐ

556 2523 580 2553 l)
601 2522 692 2547 Codex
713 2531 846 2547 caurorum
873 2524 973 2555 (1609)
998 2524 1025 2549 S.
1046 2525 1121 2556 159).
1149 2534 1169 2551 c.
1190 2526 1222 2555 3,·
1247 2525 1400 2551 Hinschius
1420 2526 1450 2551 S.
1470 2526 1523 2551 267
1545 2534 1567 2551 c.
1587 2526 1612 2550 4.
1734 2526 1761 2557 2)
1786 2525 1851 2550 MG.
1874 2525 1963 2558 Epist.
1988 2525 2048 2555 III,
2071 2525 2105 2550 27

465 2566 560 2597 (dr-K.
576 2566 654 2598 555).
767 2567 793 2597 3)
811 2568 913 2595 Amort,
934 2568 1070 2593 Elementa.
1087 2569 1157 2594 viurz's
1173 2570 1299 2595 canonici
1315 2570 1358 2600 II,
1372 2570 1425 2595 537
1441 2570 1618 2603 (Sammluny
1629 2578 1680 2595 von
1693 2569 1835 2602 Diessen);
1853 2569 1949 2602 illique
1963 2569 2024 2599 130,
2039 2569 2105 2598 388:

463 2610 614 2635 Hinsclzius
626 2610 654 2635 S.
664 2610 715 2635 625
730 2610 825 2642 (ιλ-Κ.
836 2612 913 2643 4⁸5).
1008 2614 1035 2643 4)
1051 2613 1080 2637 (ζ’,
1091 2614 1115 2641 9.
1128 2614 1218 2638 Codex
1228 2622 1361 2639 canonum
1377 2614 1478 2647 (1609)
1491 2614 1603 2646 S.59j.;
1616 2613 1769 2640 Hinschius
1779 2613 1878 2639 25:271.
1971 2615 1998 2645 5)
2014 2613 2106 2638 Codex

462 2663 597 2678 sanonum
622 2654 723 2686 (1609)
750 2655 778 2679 S.
793 2655 843 2679 401
866 2664 886 2680 c.
904 2656 916 2680 1
929 2664 936 2683 ,’
966 2656 1118 2682 Ηι”7[8ι“]ιί”ιι.>’
1148 2658 1176 2682 S.
1190 2658 1243 2683 556
1275 2658 1370 2689 (J.-K.
1388 2658 1467 2691 362).
1580 2659 1607 2689 6)
1630 2658 1664 2683 A.
1677 2658 1745 2683 (LO.
1858 2659 1884 2689 7)
1907 2658 1937 2683 Ο.
1953 2658 1996 2688 13,
2014 2657 2105 2683 Codex
2189 2668 2191 2682 ¹.

462 2706 597 2722 sanonum
617 2698 717 2730 (1609)
736 2700 764 2723 S.
779 2699 852 2730 61j.;
881 2699 1033 2725 Hinsclm'ns
1049 2700 1079 2725 S.
1094 2702 1153 2726 271.
1283 2704 1310 2733 S)
1336 2702 1427 2728 C'oder
1451 2711 1586 2728 canonum
1607 2702 1709 2735 (1609)
1729 2702 1758 2727 S.
1772 2702 1824 2727 423
1842 2710 1863 2727 c.
1877 2702 1924 2731 17,-
1953 2701 2105 2727 Hinschius
2129 2702 2155 2722 45
2190 2716 2192 2738 ᾗ

462 2742 490 2766 S.
504 2742 557 2766 560
574 2751 595 2767 a.
610 2743 624 2766 4
643 2742 738 2774 (J.-K.
751 2743 828 2773 2569).
923 2744 950 2774 9)
975 2744 1005 2768 C.
1020 2744 1062 2771 19.
1084 2745 1174 2770 Codex
1186 2754 1319 2771 canonum
1337 2746 1438 2779 (1609)
1454 2746 1481 2772 S.
1497 2746 1562 2775 129:
1585 2746 1738 2772 Hiuschius
1749 2746 1778 2772 S.
1793 2747 1854 2772 ⁴287.
1949 2747 1992 2777 10)
2014 2745 2104 2771 Codex
2189 2741 2199 2769 i

462 2795 596 2810 canonum
619 2786 719 2819 (1609)
742 2787 769 2811 N.
784 2787 835 2811 1915
856 2796 875 2811 ι’.
892 2788 938 2815 33¹,-
960 2787 1112 2813 Hiuschiu-s?
1127 2790 1155 2814 AS.
1170 2790 1222 2814 319
1238 2798 1259 2815 c.
1274 2791 1316 2815 22.
