<?xml version="1.0" encoding="UTF-8"?>
<!DOCTYPE html PUBLIC "-//W3C//DTD XHTML 1.0 Transitional//EN"
    "http://www.w3.org/TR/xhtml1/DTD/xhtml1-transitional.dtd">
<html xmlns="http://www.w3.org/1999/xhtml" xml:lang="en" lang="en">
 <head>
  <title>
</title>
<meta http-equiv="Content-Type" content="text/html;charset=utf-8" />
  <meta name='ocr-system' content='tesseract 3.04.00' />
  <meta name='ocr-capabilities' content='ocr_page ocr_carea ocr_par ocr_line ocrx_word'/>
</head>
<body>
  <div class='ocr_page' id='page_1' title='image "./monumentagerman08geseuoft_0162.png"; bbox 0 0 2220 3192; ppageno 0'>
   <div class='ocr_carea' id='block_1_1' title="bbox 268 367 444 445">
    <p class='ocr_par' dir='ltr' id='par_1_1' title="bbox 268 367 444 445">
     <span class='ocr_line' id='line_1_1' title="bbox 270 367 443 392; baseline 0.006 -5"><span class='ocrx_word' id='word_1_1' title='bbox 270 371 289 388; x_wconf 88' lang='lat'><em>1.</em></span> <span class='ocrx_word' id='word_1_2' title='bbox 302 367 364 388; x_wconf 79' lang='lat' dir='ltr'><strong>Petr.</strong></span> <span class='ocrx_word' id='word_1_3' title='bbox 376 368 397 392; x_wconf 76' lang='lat'><strong>4,</strong></span> <span class='ocrx_word' id='word_1_4' title='bbox 410 369 443 388; x_wconf 87' lang='lat'><strong>11.</strong></span> 
     </span>
     <span class='ocr_line' id='line_1_2' title="bbox 268 420 444 445; baseline 0 -4"><span class='ocrx_word' id='word_1_5' title='bbox 268 420 351 441; x_wconf 65' lang='lat' dir='ltr'><strong>Mamm.</strong></span> <span class='ocrx_word' id='word_1_6' title='bbox 363 422 398 445; x_wconf 74' lang='lat'><strong>25,</strong></span> <span class='ocrx_word' id='word_1_7' title='bbox 412 421 444 441; x_wconf 85' lang='lat'><strong>15.</strong></span> 
     </span>
    </p>
   </div>
   <div class='ocr_carea' id='block_1_2' title="bbox 272 475 446 497">
    <p class='ocr_par' dir='ltr' id='par_1_2' title="bbox 272 475 446 497">
     <span class='ocr_line' id='line_1_3' title="bbox 272 475 446 497; baseline 0 -2"><span class='ocrx_word' id='word_1_8' title='bbox 272 477 290 495; x_wconf 79' lang='lat'><em>1.</em></span> <span class='ocrx_word' id='word_1_9' title='bbox 301 476 351 495; x_wconf 73' lang='lat' dir='ltr'><strong>Cor·</strong></span> <span class='ocrx_word' id='word_1_10' title='bbox 363 475 397 497; x_wconf 76' lang='lat'><strong>12,</strong></span> <span class='ocrx_word' id='word_1_11' title='bbox 410 475 446 495; x_wconf 85' lang='lat'><strong>11.</strong></span> 
     </span>
    </p>
   </div>
   <div class='ocr_carea' id='block_1_3' title="bbox 460 208 1531 243">
    <p class='ocr_par' dir='ltr' id='par_1_3' title="bbox 460 208 1531 243">
     <span class='ocr_line' id='line_1_4' title="bbox 460 208 1531 243; baseline -0.009 0"><span class='ocrx_word' id='word_1_12' title='bbox 460 216 519 243; x_wconf 72' lang='lat'><strong>154</strong></span> <span class='ocrx_word' id='word_1_13' title='bbox 1025 210 1211 236; x_wconf 86' lang='lat' dir='ltr'><strong>HINKMAR</strong></span> <span class='ocrx_word' id='word_1_14' title='bbox 1231 209 1308 235; x_wconf 93' lang='lat' dir='ltr'><strong>VON</strong></span> <span class='ocrx_word' id='word_1_15' title='bbox 1330 208 1450 234; x_wconf 84' lang='lat' dir='ltr'><strong>REIMS</strong></span> <span class='ocrx_word' id='word_1_16' title='bbox 1472 210 1531 234; x_wconf 84' lang='grc'><strong>169.</strong></span> 
     </span>
    </p>
   </div>
   <div class='ocr_carea' id='block_1_4' title="bbox 454 296 2101 2309">
    <p class='ocr_par' dir='ltr' id='par_1_4' title="bbox 454 296 2101 1510">
     <span class='ocr_line' id='line_1_5' title="bbox 460 296 2100 347; baseline -0.005 -11"><span class='ocrx_word' id='word_1_17' title='bbox 460 305 625 347; x_wconf 85' lang='lat' dir='ltr'><strong>providere</strong></span> <span class='ocrx_word' id='word_1_18' title='bbox 635 307 668 333; x_wconf 81' lang='lat' dir='ltr'><strong>ct</strong></span> <span class='ocrx_word' id='word_1_19' title='bbox 677 303 752 333; x_wconf 83' lang='lat' dir='ltr'><strong>ordo</strong></span> <span class='ocrx_word' id='word_1_20' title='bbox 762 312 781 331; x_wconf 87' lang='lat' dir='ltr'><strong>a</strong></span> <span class='ocrx_word' id='word_1_21' title='bbox 796 301 863 331; x_wconf 88' lang='lat' dir='ltr'><strong>Deo</strong></span> <span class='ocrx_word' id='word_1_22' title='bbox 874 300 1050 341; x_wconf 87' lang='lat' dir='ltr'><strong>dispositus</strong></span> <span class='ocrx_word' id='word_1_23' title='bbox 1059 298 1100 329; x_wconf 88' lang='lat' dir='ltr'><strong>ab</strong></span> <span class='ocrx_word' id='word_1_24' title='bbox 1111 298 1264 338; x_wconf 83' lang='lat' dir='ltr'><strong>omnibus</strong></span> <span class='ocrx_word' id='word_1_25' title='bbox 1273 301 1307 328; x_wconf 88' lang='lat' dir='ltr'><strong>et</strong></span> <span class='ocrx_word' id='word_1_26' title='bbox 1321 297 1357 328; x_wconf 89' lang='lat' dir='ltr'><strong>in</strong></span> <span class='ocrx_word' id='word_1_27' title='bbox 1365 297 1519 328; x_wconf 87' lang='lat' dir='ltr'><strong>omnibus</strong></span> <span class='ocrx_word' id='word_1_28' title='bbox 1529 296 1637 328; x_wconf 86' lang='lat' dir='ltr'><strong>valeat</strong></span> <span class='ocrx_word' id='word_1_29' title='bbox 1646 297 1839 328; x_wconf 87' lang='lat' dir='ltr'><strong>conservari.</strong></span> <span class='ocrx_word' id='word_1_30' title='bbox 1849 296 1943 328; x_wconf 88' lang='lat' dir='ltr'>Unde</span> <span class='ocrx_word' id='word_1_31' title='bbox 1954 307 2100 329; x_wconf 85' lang='lat' dir='ltr'><strong>summus</strong></span> 
     </span>
     <span class='ocr_line' id='line_1_6' title="bbox 459 350 2098 397; baseline -0.005 -8"><span class='ocrx_word' id='word_1_32' title='bbox 459 358 607 389; x_wconf 81' lang='lat' dir='ltr'><strong>ecclesiae.</strong></span> <span class='ocrx_word' id='word_1_33' title='bbox 629 358 738 397; x_wconf 79' lang='lat' dir='ltr'><strong>pastor</strong></span> <span class='ocrx_word' id='word_1_34' title='bbox 758 354 867 384; x_wconf 88' lang='lat' dir='ltr'><strong>docet:</strong></span> <span class='ocrx_word' id='word_1_35' title='bbox 888 351 935 382; x_wconf 86' lang='lat' dir='ltr'><strong>‘Si</strong></span> <span class='ocrx_word' id='word_1_36' title='bbox 954 352 1027 392; x_wconf 88' lang='lat' dir='ltr'><strong>quis</strong></span> <span class='ocrx_word' id='word_1_37' title='bbox 1050 351 1226 387; x_wconf 71' lang='lat' dir='ltr'><strong>ministrat,</strong></span> <span class='ocrx_word' id='word_1_38' title='bbox 1242 354 1417 391; x_wconf 86' lang='lat' dir='ltr'><strong>tamquam</strong></span> <span class='ocrx_word' id='word_1_39' title='bbox 1437 360 1478 381; x_wconf 86' lang='lat' dir='ltr'><strong>ex</strong></span> <span class='ocrx_word' id='word_1_40' title='bbox 1497 350 1632 387; x_wconf 87' lang='lat' dir='ltr'><strong>virtute,</strong></span> <span class='ocrx_word' id='word_1_41' title='bbox 1653 360 1756 390; x_wconf 89' lang='lat' dir='ltr'><strong>quam</strong></span> <span class='ocrx_word' id='word_1_42' title='bbox 1775 350 1986 381; x_wconf 69' lang='lat' dir='ltr'><strong>administrat</strong></span> <span class='ocrx_word' id='word_1_43' title='bbox 1999 350 2098 388; x_wconf 88' lang='lat' dir='ltr'><strong>Deus,</strong></span> 
     </span>
     <span class='ocr_line' id='line_1_7' title="bbox 464 403 2100 445; baseline -0.004 -4"><span class='ocrx_word' id='word_1_44' title='bbox 464 415 497 441; x_wconf 86' lang='lat' dir='ltr'><strong>ut</strong></span> <span class='ocrx_word' id='word_1_45' title='bbox 523 411 557 440; x_wconf 93' lang='lat' dir='ltr'><strong>in</strong></span> <span class='ocrx_word' id='word_1_46' title='bbox 579 407 730 439; x_wconf 83' lang='lat' dir='ltr'><strong>omnibus</strong></span> <span class='ocrx_word' id='word_1_47' title='bbox 752 405 982 436; x_wconf 87' lang='lat' dir='ltr'><strong>honorificetur</strong></span> <span class='ocrx_word' id='word_1_48' title='bbox 1003 403 1115 441; x_wconf 74' lang='lat' dir='ltr'><strong>Deus&#39;,</strong></span> <span class='ocrx_word' id='word_1_49' title='bbox 1138 403 1196 444; x_wconf 87' lang='lat' dir='ltr'><strong>qui</strong></span> <span class='ocrx_word' id='word_1_50' title='bbox 1218 403 1317 434; x_wconf 86' lang='lat' dir='ltr'><strong>servis</strong></span> <span class='ocrx_word' id='word_1_51' title='bbox 1341 403 1407 434; x_wconf 89' lang='lat' dir='ltr'><strong>suis</strong></span> <span class='ocrx_word' id='word_1_52' title='bbox 1429 403 1596 434; x_wconf 73' lang='lat' dir='ltr'><strong>commisit</strong></span> <span class='ocrx_word' id='word_1_53' title='bbox 1619 403 1750 444; x_wconf 85' lang='lat' dir='ltr'><strong>negocia</strong></span> <span class='ocrx_word' id='word_1_54' title='bbox 1773 413 1832 434; x_wconf 89' lang='lat' dir='ltr'><strong>sua</strong></span> <span class='ocrx_word' id='word_1_55' title='bbox 1854 407 1888 434; x_wconf 88' lang='lat' dir='ltr'><strong>et</strong></span> <span class='ocrx_word' id='word_1_56' title='bbox 1909 403 2100 445; x_wconf 84' lang='lat' dir='ltr'><strong>‘unicuique</strong></span> 
     </span>
     <span class='ocr_line' id='line_1_8' title="bbox 460 456 2101 501; baseline -0.003 -8"><span class='ocrx_word' id='word_1_57' title='bbox 460 462 638 493; x_wconf 79' lang='lat' dir='ltr'><strong>secundum</strong></span> <span class='ocrx_word' id='word_1_58' title='bbox 656 459 821 501; x_wconf 74' lang='lat' dir='ltr'><strong>propriam</strong></span> <span class='ocrx_word' id='word_1_59' title='bbox 837 456 1020 494; x_wconf 80' lang='lat' dir='ltr'><strong>virtutem&#39;,</strong></span> <span class='ocrx_word' id='word_1_60' title='bbox 1038 457 1124 487; x_wconf 85' lang='lat' dir='ltr'><strong>sicut</strong></span> <span class='ocrx_word' id='word_1_61' title='bbox 1139 459 1173 487; x_wconf 89' lang='lat' dir='ltr'><strong>et</strong></span> <span class='ocrx_word' id='word_1_62' title='bbox 1189 456 1227 487; x_wconf 85' lang='lat' dir='ltr'><strong>de</strong></span> <span class='ocrx_word' id='word_1_63' title='bbox 1244 456 1363 497; x_wconf 87' lang='lat' dir='ltr'><strong>spiritu</strong></span> <span class='ocrx_word' id='word_1_64' title='bbox 1380 459 1494 487; x_wconf 86' lang='lat' dir='ltr'><strong>sancto</strong></span> <span class='ocrx_word' id='word_1_65' title='bbox 1510 456 1672 497; x_wconf 85' lang='lat' dir='ltr'><strong>scriptum</strong></span> <span class='ocrx_word' id='word_1_66' title='bbox 1688 460 1748 493; x_wconf 90' lang='lat' dir='ltr'><strong>est,</strong></span> <span class='ocrx_word' id='word_1_67' title='bbox 1764 456 1853 497; x_wconf 92' lang='lat' dir='ltr'><strong>quod</strong></span> <span class='ocrx_word' id='word_1_68' title='bbox 1868 456 1966 488; x_wconf 89' lang='lat' dir='ltr'><strong>‘dona</strong></span> <span class='ocrx_word' id='word_1_69' title='bbox 1983 457 2101 488; x_wconf 89' lang='lat' dir='ltr'><strong>dividit</strong></span> 
     </span>
     <span class='ocr_line' id='line_1_9' title="bbox 456 508 2099 555; baseline -0.002 -10"><span class='ocrx_word' id='word_1_70' title='bbox 456 514 600 555; x_wconf 73' lang='lat' dir='ltr'><strong>singulis,</strong></span> <span class='ocrx_word' id='word_1_71' title='bbox 625 515 723 553; x_wconf 86' lang='lat' dir='ltr'><strong>prout</strong></span> <span class='ocrx_word' id='word_1_72' title='bbox 744 510 841 542; x_wconf 77' lang='lat' dir='ltr'><strong>vult’.</strong></span> <span class='ocrx_word' id='word_1_73' title='bbox 864 511 909 541; x_wconf 89' lang='lat' dir='ltr'><strong>Et</strong></span> <span class='ocrx_word' id='word_1_74' title='bbox 930 510 1005 540; x_wconf 88' lang='lat' dir='ltr'><strong>hinc</strong></span> <span class='ocrx_word' id='word_1_75' title='bbox 1029 509 1125 540; x_wconf 78' lang='lat' dir='ltr'><strong>iuxta</strong></span> <span class='ocrx_word' id='word_1_76' title='bbox 1148 508 1335 540; x_wconf 85' lang='lat' dir='ltr'><strong>Sardicense</strong></span> <span class='ocrx_word' id='word_1_77' title='bbox 1358 508 1554 541; x_wconf 88' lang='lat' dir='ltr'><strong>concilium1</strong></span> <span class='ocrx_word' id='word_1_78' title='bbox 1583 520 1734 540; x_wconf 86' lang='lat' dir='ltr'><strong>summus</strong></span> <span class='ocrx_word' id='word_1_79' title='bbox 1764 509 1889 550; x_wconf 79' lang='lat' dir='ltr'><strong>primae</strong></span> <span class='ocrx_word' id='word_1_80' title='bbox 1912 513 1946 541; x_wconf 89' lang='lat' dir='ltr'><strong>et</strong></span> <span class='ocrx_word' id='word_1_81' title='bbox 1968 513 2099 541; x_wconf 87' lang='lat' dir='ltr'><strong>sanctae</strong></span> 
     </span>
     <span class='ocr_line' id='line_1_10' title="bbox 455 561 2100 605; baseline -0.002 -7"><span class='ocrx_word' id='word_1_82' title='bbox 455 567 537 598; x_wconf 85' lang='lat' dir='ltr'><strong>sedis</strong></span> <span class='ocrx_word' id='word_1_83' title='bbox 555 566 722 596; x_wconf 84' lang='lat' dir='ltr'><strong>Romanae</strong></span> <span class='ocrx_word' id='word_1_84' title='bbox 742 563 893 605; x_wconf 76' lang='lat' dir='ltr'><strong>pontifex</strong></span> <span class='ocrx_word' id='word_1_85' title='bbox 913 573 970 604; x_wconf 92' lang='lat' dir='ltr'><strong>pro</strong></span> <span class='ocrx_word' id='word_1_86' title='bbox 990 567 1144 593; x_wconf 81' lang='lat' dir='ltr'><strong>examinis</strong></span> <span class='ocrx_word' id='word_1_87' title='bbox 1164 567 1371 592; x_wconf 76' lang='lat' dir='ltr'><strong>renovatione</strong></span> <span class='ocrx_word' id='word_1_88' title='bbox 1391 562 1433 593; x_wconf 90' lang='lat' dir='ltr'><strong>ad</strong></span> <span class='ocrx_word' id='word_1_89' title='bbox 1452 573 1484 593; x_wconf 92' lang='lat' dir='ltr'><strong>se</strong></span> <span class='ocrx_word' id='word_1_90' title='bbox 1504 561 1712 593; x_wconf 88' lang='lat' dir='ltr'><strong>reclamantis</strong></span> <span class='ocrx_word' id='word_1_91' title='bbox 1731 565 1765 594; x_wconf 88' lang='lat' dir='ltr'><strong>et</strong></span> <span class='ocrx_word' id='word_1_92' title='bbox 1783 563 2003 603; x_wconf 58' lang='lat' dir='ltr'><strong>confugientis</strong></span> <span class='ocrx_word' id='word_1_93' title='bbox 2022 574 2100 594; x_wconf 87' lang='lat' dir='ltr'><strong>cum</strong></span> 
     </span>
     <span class='ocr_line' id='line_1_11' title="bbox 456 615 2099 658; baseline -0.002 -8"><span class='ocrx_word' id='word_1_94' title='bbox 456 631 514 651; x_wconf 86' lang='lat' dir='ltr'><strong>sua</strong></span> <span class='ocrx_word' id='word_1_95' title='bbox 531 618 725 650; x_wconf 84' lang='lat' dir='ltr'><strong>clamatione</strong></span> <span class='ocrx_word' id='word_1_96' title='bbox 744 616 859 648; x_wconf 90' lang='lat' dir='ltr'><strong>deiecti</strong></span> <span class='ocrx_word' id='word_1_97' title='bbox 878 615 1085 658; x_wconf 82' lang='lat' dir='ltr'><strong>provincialis</strong></span> <span class='ocrx_word' id='word_1_98' title='bbox 1103 616 1247 657; x_wconf 80' lang='lat' dir='ltr'><strong>episcopi</strong></span> <span class='ocrx_word' id='word_1_99' title='bbox 1267 627 1332 646; x_wconf 89' lang='lat' dir='ltr'><strong>non</strong></span> <span class='ocrx_word' id='word_1_100' title='bbox 1351 615 1467 646; x_wconf 88' lang='lat' dir='ltr'><strong>statim</strong></span> <span class='ocrx_word' id='word_1_101' title='bbox 1486 615 1712 656; x_wconf 69' lang='lat' dir='ltr'><strong>singularitate</strong></span> <span class='ocrx_word' id='word_1_102' title='bbox 1732 615 1891 657; x_wconf 84' lang='lat' dir='ltr'><strong>privilegii</strong></span> <span class='ocrx_word' id='word_1_103' title='bbox 1909 620 1942 647; x_wconf 88' lang='lat' dir='ltr'><strong>et</strong></span> <span class='ocrx_word' id='word_1_104' title='bbox 1958 617 2099 647; x_wconf 85' lang='lat' dir='ltr'><strong>auctori-</strong></span> 
     </span>
     <span class='ocr_line' id='line_1_12' title="bbox 456 668 2099 710; baseline -0.002 -8"><span class='ocrx_word' id='word_1_105' title='bbox 456 672 533 703; x_wconf 80' lang='lat' dir='ltr'><strong>tatis</strong></span> <span class='ocrx_word' id='word_1_106' title='bbox 551 682 627 702; x_wconf 88' lang='lat' dir='ltr'><strong>suae</strong></span> <span class='ocrx_word' id='word_1_107' title='bbox 645 670 801 707; x_wconf 76' lang='lat' dir='ltr'><strong>restituit,</strong></span> <span class='ocrx_word' id='word_1_108' title='bbox 820 669 875 700; x_wconf 89' lang='lat' dir='ltr'><strong>sed</strong></span> <span class='ocrx_word' id='word_1_109' title='bbox 892 669 1064 700; x_wconf 80' lang='lat' dir='ltr'><strong>remittens</strong></span> <span class='ocrx_word' id='word_1_110' title='bbox 1081 679 1157 700; x_wconf 86' lang='lat' dir='ltr'><strong>eum</strong></span> <span class='ocrx_word' id='word_1_111' title='bbox 1174 669 1215 700; x_wconf 88' lang='lat' dir='ltr'><strong>ad</strong></span> <span class='ocrx_word' id='word_1_112' title='bbox 1234 669 1449 710; x_wconf 87' lang='lat' dir='ltr'><strong>provinciam,</strong></span> <span class='ocrx_word' id='word_1_113' title='bbox 1470 668 1526 699; x_wconf 93' lang='lat' dir='ltr'><strong>ubi</strong></span> <span class='ocrx_word' id='word_1_114' title='bbox 1542 679 1640 700; x_wconf 85' lang='lat' dir='ltr'><strong>causa</strong></span> <span class='ocrx_word' id='word_1_115' title='bbox 1658 672 1790 710; x_wconf 88' lang='lat' dir='ltr'><strong>patrata</strong></span> <span class='ocrx_word' id='word_1_116' title='bbox 1808 669 1916 700; x_wconf 77' lang='lat' dir='ltr'><strong>fuerat</strong></span> <span class='ocrx_word' id='word_1_117' title='bbox 1932 672 1966 700; x_wconf 85' lang='lat' dir='ltr'><strong>et</strong></span> <span class='ocrx_word' id='word_1_118' title='bbox 1982 669 2016 700; x_wconf 92' lang='lat' dir='ltr'><strong>in</strong></span> <span class='ocrx_word' id='word_1_119' title='bbox 2033 680 2099 710; x_wconf 89' lang='lat' dir='ltr'><strong>qua</strong></span> 
     </span>
     <span class='ocr_line' id='line_1_13' title="bbox 455 721 2100 763; baseline -0.001 -8"><span class='ocrx_word' id='word_1_120' title='bbox 455 726 548 756; x_wconf 74' lang='lat' dir='ltr'><strong>iuxta</strong></span> <span class='ocrx_word' id='word_1_121' title='bbox 564 723 807 762; x_wconf 69' lang='lat' dir='ltr'><strong>Cartaginenses</strong></span> <span class='ocrx_word' id='word_1_122' title='bbox 821 733 960 753; x_wconf 87' lang='lat' dir='ltr'><strong>canones</strong></span> <span class='ocrx_word' id='word_1_123' title='bbox 974 726 1007 753; x_wconf 86' lang='lat' dir='ltr'><strong>et</strong></span> <span class='ocrx_word' id='word_1_124' title='bbox 1020 723 1091 753; x_wconf 88' lang='lat' dir='ltr'><strong>iura</strong></span> <span class='ocrx_word' id='word_1_125' title='bbox 1106 721 1182 763; x_wconf 83' lang='lat' dir='ltr'><strong>legis</strong></span> <span class='ocrx_word' id='word_1_126' title='bbox 1195 721 1363 753; x_wconf 82' lang='lat' dir='ltr'><strong>Romanae</strong></span> <span class='ocrx_word' id='word_1_127' title='bbox 1385 732 1483 753; x_wconf 86' lang='lat' dir='ltr'><strong>causa</strong></span> <span class='ocrx_word' id='word_1_128' title='bbox 1505 726 1614 763; x_wconf 83' lang='lat' dir='ltr'><strong>potest</strong></span> <span class='ocrx_word' id='word_1_129' title='bbox 1627 721 1797 763; x_wconf 83' lang='lat' dir='ltr'><strong>diligenter</strong></span> <span class='ocrx_word' id='word_1_130' title='bbox 1811 722 1931 763; x_wconf 88' lang='lat' dir='ltr'><strong>inquiri</strong></span> <span class='ocrx_word' id='word_1_131' title='bbox 1952 725 1986 753; x_wconf 88' lang='lat' dir='ltr'><strong>et</strong></span> <span class='ocrx_word' id='word_1_132' title='bbox 2001 729 2075 760; x_wconf 64' lang='lat' dir='ltr'><strong>quoa</strong></span> <span class='ocrx_word' id='word_1_133' title='bbox 2087 723 2100 742; x_wconf 84' lang='lat'><strong>²</strong></span> 
     </span>
     <span class='ocr_line' id='line_1_14' title="bbox 456 775 2101 813; baseline 0 -6"><span class='ocrx_word' id='word_1_134' title='bbox 456 790 511 807; x_wconf 88' lang='lat' dir='ltr'><strong>non</strong></span> <span class='ocrx_word' id='word_1_135' title='bbox 531 782 569 806; x_wconf 80' lang='lat' dir='ltr'><strong>sit</strong></span> <span class='ocrx_word' id='word_1_136' title='bbox 586 780 700 806; x_wconf 78' lang='lat' dir='ltr'><strong>difficile</strong></span> <span class='ocrx_word' id='word_1_137' title='bbox 721 782 808 805; x_wconf 78' lang='lat' dir='ltr'><strong>testes</strong></span> <span class='ocrx_word' id='word_1_138' title='bbox 829 779 1004 813; x_wconf 79' lang='lat' dir='ltr'><strong>producere,</strong></span> <span class='ocrx_word' id='word_1_139' title='bbox 1018 776 1138 806; x_wconf 85' lang='lat' dir='ltr'><strong>veritas</strong></span> <span class='ocrx_word' id='word_1_140' title='bbox 1157 775 1307 811; x_wconf 80' lang='lat' dir='ltr'><strong>inveniri,</strong></span> <span class='ocrx_word' id='word_1_141' title='bbox 1323 778 1381 806; x_wconf 70' lang='lat' dir='ltr'><strong>aut</strong></span> <span class='ocrx_word' id='word_1_142' title='bbox 1402 775 1558 804; x_wconf 69' lang='lat' dir='ltr'><strong>finitimisss</strong></span> <span class='ocrx_word' id='word_1_143' title='bbox 1577 779 1718 812; x_wconf 82' lang='lat' dir='ltr'><strong>episeopis</strong></span> <span class='ocrx_word' id='word_1_144' title='bbox 1738 779 1882 812; x_wconf 81' lang='lat' dir='ltr'><strong>dignatur</strong></span> <span class='ocrx_word' id='word_1_145' title='bbox 1900 779 2021 806; x_wconf 84' lang='lat' dir='ltr'><strong>seribere</strong></span> <span class='ocrx_word' id='word_1_146' title='bbox 2041 779 2101 807; x_wconf 81' lang='lat' dir='ltr'><strong>aut</strong></span> 
     </span>
     <span class='ocr_line' id='line_1_15' title="bbox 454 831 2101 866; baseline -0.001 -6"><span class='ocrx_word' id='word_1_147' title='bbox 454 844 468 860; x_wconf 89' lang='lat' dir='ltr'><strong>e</strong></span> <span class='ocrx_word' id='word_1_148' title='bbox 488 835 574 860; x_wconf 82' lang='lat' dir='ltr'><strong>latere</strong></span> <span class='ocrx_word' id='word_1_149' title='bbox 593 842 644 859; x_wconf 90' lang='lat' dir='ltr'><strong>suo</strong></span> <span class='ocrx_word' id='word_1_150' title='bbox 664 833 773 863; x_wconf 76' lang='lat' dir='ltr'><strong>mittit,</strong></span> <span class='ocrx_word' id='word_1_151' title='bbox 789 832 855 866; x_wconf 75' lang='lat' dir='ltr'><strong>quib</strong></span> <span class='ocrx_word' id='word_1_152' title='bbox 874 832 1012 858; x_wconf 80' lang='lat' dir='ltr'><strong>habentes</strong></span> <span class='ocrx_word' id='word_1_153' title='bbox 1030 833 1091 858; x_wconf 88' lang='lat' dir='ltr'><strong>eius</strong></span> <span class='ocrx_word' id='word_1_154' title='bbox 1111 833 1313 858; x_wconf 81' lang='lat' dir='ltr'><strong>auctoritatem</strong></span> <span class='ocrx_word' id='word_1_155' title='bbox 1333 835 1495 866; x_wconf 79' lang='lat' dir='ltr'><strong>praesentes</strong></span> <span class='ocrx_word' id='word_1_156' title='bbox 1515 840 1579 858; x_wconf 88' lang='lat' dir='ltr'><strong>cum</strong></span> <span class='ocrx_word' id='word_1_157' title='bbox 1595 832 1737 866; x_wconf 84' lang='lat' dir='ltr'><strong>episcopis</strong></span> <span class='ocrx_word' id='word_1_158' title='bbox 1753 832 1883 858; x_wconf 79' lang='lat' dir='ltr'><strong>iudicent</strong></span> <span class='ocrx_word' id='word_1_159' title='bbox 1900 833 1933 859; x_wconf 75' lang='lat' dir='ltr'><strong>et</strong></span> <span class='ocrx_word' id='word_1_160' title='bbox 1951 831 2101 866; x_wconf 72' lang='lat' dir='ltr'><strong>diligenter</strong></span> 
     </span>
     <span class='ocr_line' id='line_1_16' title="bbox 454 882 2100 923; baseline -0.002 -8"><span class='ocrx_word' id='word_1_161' title='bbox 454 894 587 915; x_wconf 82' lang='lat' dir='ltr'><strong>causam</strong></span> <span class='ocrx_word' id='word_1_162' title='bbox 608 886 811 919; x_wconf 82' lang='lat' dir='ltr'><strong>inquisitam</strong></span> <span class='ocrx_word' id='word_1_163' title='bbox 833 885 989 916; x_wconf 73' lang='lat' dir='ltr'><strong>diffiniant,</strong></span> <span class='ocrx_word' id='word_1_164' title='bbox 1011 886 1071 913; x_wconf 83' lang='lat' dir='ltr'><strong>aut</strong></span> <span class='ocrx_word' id='word_1_165' title='bbox 1093 882 1247 923; x_wconf 83' lang='lat' dir='ltr'><strong>dignatur</strong></span> <span class='ocrx_word' id='word_1_166' title='bbox 1270 885 1392 911; x_wconf 87' lang='lat' dir='ltr'><strong>credere</strong></span> <span class='ocrx_word' id='word_1_167' title='bbox 1414 886 1564 919; x_wconf 79' lang='lat' dir='ltr'><strong>episcopos</strong></span> <span class='ocrx_word' id='word_1_168' title='bbox 1586 885 1725 916; x_wconf 81' lang='lat' dir='ltr'><strong>sufficere,</strong></span> <span class='ocrx_word' id='word_1_169' title='bbox 1748 888 1782 911; x_wconf 91' lang='lat' dir='ltr'><strong>ut</strong></span> <span class='ocrx_word' id='word_1_170' title='bbox 1804 886 1921 919; x_wconf 86' lang='lat' dir='ltr'><strong>negocio</strong></span> <span class='ocrx_word' id='word_1_171' title='bbox 1944 886 2100 912; x_wconf 77' lang='lat' dir='ltr'><strong>terminum</strong></span> 
     </span>
     <span class='ocr_line' id='line_1_17' title="bbox 456 935 2100 978; baseline -0.001 -11"><span class='ocrx_word' id='word_1_172' title='bbox 456 937 579 978; x_wconf 75' lang='lat' dir='ltr'><strong>possint</strong></span> <span class='ocrx_word' id='word_1_173' title='bbox 600 940 764 973; x_wconf 80' lang='lat' dir='ltr'><strong>imponere.</strong></span> <span class='ocrx_word' id='word_1_174' title='bbox 785 935 829 966; x_wconf 75' lang='lat' dir='ltr'><strong>Et</strong></span> <span class='ocrx_word' id='word_1_175' title='bbox 849 935 1073 972; x_wconf 73' lang='lat' dir='ltr'><strong>Innocentius,</strong></span> <span class='ocrx_word' id='word_1_176' title='bbox 1094 939 1118 964; x_wconf 82' lang='lat' dir='ltr'><strong>si</strong></span> <span class='ocrx_word' id='word_1_177' title='bbox 1139 947 1211 972; x_wconf 80' lang='lat' dir='ltr'><strong>quae</strong></span> <span class='ocrx_word' id='word_1_178' title='bbox 1233 947 1333 964; x_wconf 84' lang='lat' dir='ltr'><strong>causae</strong></span> <span class='ocrx_word' id='word_1_179' title='bbox 1355 938 1399 964; x_wconf 88' lang='lat' dir='ltr'><strong>vel</strong></span> <span class='ocrx_word' id='word_1_180' title='bbox 1421 939 1618 965; x_wconf 77' lang='lat' dir='ltr'><strong>contentiones</strong></span> <span class='ocrx_word' id='word_1_181' title='bbox 1637 939 1713 964; x_wconf 89' lang='lat' dir='ltr'><strong>inter</strong></span> <span class='ocrx_word' id='word_1_182' title='bbox 1733 939 1847 966; x_wconf 80' lang='lat' dir='ltr'><strong>clericos</strong></span> <span class='ocrx_word' id='word_1_183' title='bbox 1867 943 1929 965; x_wconf 87' lang='lat' dir='ltr'><strong>tam</strong></span> <span class='ocrx_word' id='word_1_184' title='bbox 1947 939 2100 972; x_wconf 73' lang='lat' dir='ltr'><strong>superioris</strong></span> 
     </span>
     <span class='ocr_line' id='line_1_18' title="bbox 455 991 2100 1026; baseline -0.001 -7"><span class='ocrx_word' id='word_1_185' title='bbox 455 993 562 1019; x_wconf 85' lang='lat' dir='ltr'><strong>ordinis</strong></span> <span class='ocrx_word' id='word_1_186' title='bbox 587 1001 673 1026; x_wconf 83' lang='lat' dir='ltr'><strong>quam</strong></span> <span class='ocrx_word' id='word_1_187' title='bbox 695 993 786 1018; x_wconf 90' lang='lat' dir='ltr'><strong>etiam</strong></span> <span class='ocrx_word' id='word_1_188' title='bbox 808 992 950 1018; x_wconf 75' lang='lat' dir='ltr'><strong>inferioris</strong></span> <span class='ocrx_word' id='word_1_189' title='bbox 973 992 1082 1018; x_wconf 86' lang='lat' dir='ltr'><strong>fuerint</strong></span> <span class='ocrx_word' id='word_1_190' title='bbox 1104 995 1231 1022; x_wconf 77' lang='lat' dir='ltr'><strong>exortae,</strong></span> <span class='ocrx_word' id='word_1_191' title='bbox 1257 993 1433 1026; x_wconf 77' lang='lat' dir='ltr'><strong>congregatis</strong></span> <span class='ocrx_word' id='word_1_192' title='bbox 1457 991 1613 1018; x_wconf 83' lang='lat' dir='ltr'><strong>secundum</strong></span> <span class='ocrx_word' id='word_1_193' title='bbox 1636 992 1769 1018; x_wconf 82' lang='lat' dir='ltr'><strong>sinodum</strong></span> <span class='ocrx_word' id='word_1_194' title='bbox 1793 992 1950 1018; x_wconf 85' lang='lat' dir='ltr'><strong>Nicaenam</strong></span> <span class='ocrx_word' id='word_1_195' title='bbox 1972 992 2100 1018; x_wconf 81' lang='lat' dir='ltr'><strong>eiusdem</strong></span> 
     </span>
     <span class='ocr_line' id='line_1_19' title="bbox 457 1040 2101 1082; baseline -0.001 -10"><span class='ocrx_word' id='word_1_196' title='bbox 457 1046 618 1080; x_wconf 83' lang='lat' dir='ltr'><strong>provinciae</strong></span> <span class='ocrx_word' id='word_1_197' title='bbox 647 1046 787 1079; x_wconf 83' lang='lat' dir='ltr'><strong>episcopis</strong></span> <span class='ocrx_word' id='word_1_198' title='bbox 815 1045 939 1079; x_wconf 79' lang='lat' dir='ltr'><strong>iurgium</strong></span> <span class='ocrx_word' id='word_1_199' title='bbox 962 1040 1166 1082; x_wconf 77' lang='lat' dir='ltr'><strong>praecipit⁰4</strong></span> <span class='ocrx_word' id='word_1_200' title='bbox 1190 1045 1356 1071; x_wconf 75' lang='lat' dir='ltr'><strong>terminari.</strong></span> <span class='ocrx_word' id='word_1_201' title='bbox 1380 1041 1424 1072; x_wconf 74' lang='lat' dir='ltr'><strong>Et</strong></span> <span class='ocrx_word' id='word_1_202' title='bbox 1449 1041 1643 1072; x_wconf 77' lang='lat' dir='ltr'><strong>Bonefacius</strong></span> <span class='ocrx_word' id='word_1_203' title='bbox 1666 1042 1705 1073; x_wconf 80' lang='lat' dir='ltr'><strong>de</strong></span> <span class='ocrx_word' id='word_1_204' title='bbox 1731 1041 1876 1073; x_wconf 73' lang='lat' dir='ltr'><strong>Mam&#39;mo</strong></span> <span class='ocrx_word' id='word_1_205' title='bbox 1900 1042 2042 1074; x_wconf 41' lang='lat' dir='ltr'><strong>scribit?</strong></span> <span class='ocrx_word' id='word_1_206' title='bbox 2068 1049 2101 1071; x_wconf 91' lang='lat' dir='ltr'><strong>ut</strong></span> 
     </span>
     <span class='ocr_line' id='line_1_20' title="bbox 456 1094 2101 1133; baseline -0.001 -8"><span class='ocrx_word' id='word_1_207' title='bbox 456 1100 492 1126; x_wconf 72' lang='lat' dir='ltr'><strong>ad</strong></span> <span class='ocrx_word' id='word_1_208' title='bbox 510 1099 686 1133; x_wconf 82' lang='lat' dir='ltr'><strong>provinciam</strong></span> <span class='ocrx_word' id='word_1_209' title='bbox 704 1099 798 1124; x_wconf 89' lang='lat' dir='ltr'><strong>venire</strong></span> <span class='ocrx_word' id='word_1_210' title='bbox 818 1101 935 1132; x_wconf 80' lang='lat' dir='ltr'><strong>cogatur</strong></span> <span class='ocrx_word' id='word_1_211' title='bbox 950 1102 981 1124; x_wconf 89' lang='lat' dir='ltr'><strong>et</strong></span> <span class='ocrx_word' id='word_1_212' title='bbox 996 1098 1054 1125; x_wconf 89' lang='lat' dir='ltr'><strong>illic</strong></span> <span class='ocrx_word' id='word_1_213' title='bbox 1070 1107 1098 1124; x_wconf 82' lang='lat' dir='ltr'><strong>se</strong></span> <span class='ocrx_word' id='word_1_214' title='bbox 1118 1099 1276 1124; x_wconf 81' lang='lat' dir='ltr'><strong>constituto</strong></span> <span class='ocrx_word' id='word_1_215' title='bbox 1293 1101 1472 1132; x_wconf 84' lang='lat' dir='ltr'><strong>praesentare</strong></span> <span class='ocrx_word' id='word_1_216' title='bbox 1490 1099 1597 1124; x_wconf 82' lang='lat' dir='ltr'><strong>iudicio</strong></span> <span class='ocrx_word' id='word_1_217' title='bbox 1613 1098 1657 1131; x_wconf 75' lang='lat' dir='ltr'><strong>et,</strong></span> <span class='ocrx_word' id='word_1_218' title='bbox 1677 1098 1814 1132; x_wconf 84' lang='lat' dir='ltr'><strong>quiequid</strong></span> <span class='ocrx_word' id='word_1_219' title='bbox 1830 1095 1868 1126; x_wconf 87' lang='lat' dir='ltr'><strong>de</strong></span> <span class='ocrx_word' id='word_1_220' title='bbox 1886 1094 1940 1127; x_wconf 83' lang='lat' dir='ltr'><strong>illo</strong></span> <span class='ocrx_word' id='word_1_221' title='bbox 1958 1099 2101 1125; x_wconf 83' lang='lat' dir='ltr'><strong>duxerint</strong></span> 
     </span>
     <span class='ocr_line' id='line_1_21' title="bbox 457 1148 2101 1190; baseline -0.001 -11"><span class='ocrx_word' id='word_1_222' title='bbox 457 1149 639 1190; x_wconf 82' lang='lat' dir='ltr'><strong>provinciae</strong></span> <span class='ocrx_word' id='word_1_223' title='bbox 659 1148 801 1189; x_wconf 80' lang='lat' dir='ltr'><strong>episcopi</strong></span> <span class='ocrx_word' id='word_1_224' title='bbox 819 1151 1038 1183; x_wconf 81' lang='lat' dir='ltr'><strong>decernendum,</strong></span> <span class='ocrx_word' id='word_1_225' title='bbox 1064 1161 1129 1178; x_wconf 88' lang='lat' dir='ltr'><strong>cum</strong></span> <span class='ocrx_word' id='word_1_226' title='bbox 1147 1152 1184 1178; x_wconf 85' lang='lat' dir='ltr'><strong>ad</strong></span> <span class='ocrx_word' id='word_1_227' title='bbox 1202 1159 1279 1179; x_wconf 88' lang='lat' dir='ltr'><strong>eum</strong></span> <span class='ocrx_word' id='word_1_228' title='bbox 1298 1152 1420 1178; x_wconf 80' lang='lat' dir='ltr'><strong>relatum</strong></span> <span class='ocrx_word' id='word_1_229' title='bbox 1438 1152 1540 1183; x_wconf 86' lang='lat' dir='ltr'><strong>foret,</strong></span> <span class='ocrx_word' id='word_1_230' title='bbox 1561 1160 1619 1178; x_wconf 72' lang='lat' dir='ltr'><strong>sua</strong></span> <span class='ocrx_word' id='word_1_231' title='bbox 1638 1151 1810 1179; x_wconf 83' lang='lat' dir='ltr'><strong>firmaretur</strong></span> <span class='ocrx_word' id='word_1_232' title='bbox 1829 1152 2012 1184; x_wconf 85' lang='lat' dir='ltr'><strong>auctoritate,</strong></span> <span class='ocrx_word' id='word_1_233' title='bbox 2033 1161 2101 1186; x_wconf 84' lang='lat' dir='ltr'><strong>qua-</strong></span> 
     </span>
     <span class='ocr_line' id='line_1_22' title="bbox 456 1201 2100 1239; baseline -0.001 -7"><span class='ocrx_word' id='word_1_234' title='bbox 456 1207 543 1236; x_wconf 70' lang='lat' dir='ltr'><strong>tinus,</strong></span> <span class='ocrx_word' id='word_1_235' title='bbox 564 1206 601 1233; x_wconf 83' lang='lat' dir='ltr'><strong>ut</strong></span> <span class='ocrx_word' id='word_1_236' title='bbox 619 1202 705 1233; x_wconf 81' lang='lat' dir='ltr'><strong>idem</strong></span> <span class='ocrx_word' id='word_1_237' title='bbox 723 1202 765 1232; x_wconf 84' lang='lat' dir='ltr'><strong>ad</strong></span> <span class='ocrx_word' id='word_1_238' title='bbox 786 1201 969 1233; x_wconf 75' lang='lat' dir='ltr'><strong>Hilariumd</strong></span> <span class='ocrx_word' id='word_1_239' title='bbox 987 1201 1098 1232; x_wconf 81' lang='lat' dir='ltr'><strong>scribit</strong></span> <span class='ocrx_word' id='word_1_240' title='bbox 1106 1201 1129 1238; x_wconf 74' lang='lat'><strong>⁶,</strong></span> <span class='ocrx_word' id='word_1_241' title='bbox 1151 1205 1364 1238; x_wconf 72' lang='lat' dir='ltr'><strong>metropolitani</strong></span> <span class='ocrx_word' id='word_1_242' title='bbox 1382 1206 1426 1231; x_wconf 85' lang='lat' dir='ltr'><strong>sui</strong></span> <span class='ocrx_word' id='word_1_243' title='bbox 1445 1213 1632 1239; x_wconf 83' lang='lat' dir='ltr'><strong>unaquaeque</strong></span> <span class='ocrx_word' id='word_1_244' title='bbox 1652 1206 1801 1238; x_wconf 88' lang='lat' dir='ltr'><strong>provincia</strong></span> <span class='ocrx_word' id='word_1_245' title='bbox 1817 1205 1849 1231; x_wconf 90' lang='lat' dir='ltr'><strong>in</strong></span> <span class='ocrx_word' id='word_1_246' title='bbox 1866 1205 1999 1232; x_wconf 84' lang='lat' dir='ltr'><strong>omnibus</strong></span> <span class='ocrx_word' id='word_1_247' title='bbox 2016 1205 2100 1231; x_wconf 85' lang='lat' dir='ltr'><strong>rebus</strong></span> 
     </span>
     <span class='ocr_line' id='line_1_23' title="bbox 456 1254 2100 1296; baseline 0.001 -11"><span class='ocrx_word' id='word_1_248' title='bbox 456 1259 665 1286; x_wconf 80' lang='lat' dir='ltr'><strong>ordinationem</strong></span> <span class='ocrx_word' id='word_1_249' title='bbox 679 1267 790 1292; x_wconf 80' lang='lat' dir='ltr'><strong>semper</strong></span> <span class='ocrx_word' id='word_1_250' title='bbox 803 1261 947 1292; x_wconf 79' lang='lat' dir='ltr'><strong>expectet,</strong></span> <span class='ocrx_word' id='word_1_251' title='bbox 961 1255 1047 1286; x_wconf 86' lang='lat' dir='ltr'><strong>sicut</strong></span> <span class='ocrx_word' id='word_1_252' title='bbox 1060 1255 1222 1296; x_wconf 89' lang='lat' dir='ltr'><strong>scriptum</strong></span> <span class='ocrx_word' id='word_1_253' title='bbox 1236 1259 1286 1285; x_wconf 87' lang='lat' dir='ltr'><strong>est</strong></span> <span class='ocrx_word' id='word_1_254' title='bbox 1300 1255 1335 1286; x_wconf 89' lang='lat' dir='ltr'><strong>in</strong></span> <span class='ocrx_word' id='word_1_255' title='bbox 1348 1255 1491 1286; x_wconf 86' lang='lat' dir='ltr'><strong>Nicaeno</strong></span> <span class='ocrx_word' id='word_1_256' title='bbox 1506 1254 1642 1286; x_wconf 88' lang='lat' dir='ltr'><strong>concilio</strong></span> <span class='ocrx_word' id='word_1_257' title='bbox 1651 1255 1674 1292; x_wconf 86' lang='lat'><strong>⁷,</strong></span> <span class='ocrx_word' id='word_1_258' title='bbox 1693 1258 1740 1292; x_wconf 91' lang='lat' dir='ltr'><strong>ut,</strong></span> <span class='ocrx_word' id='word_1_259' title='bbox 1756 1255 1842 1286; x_wconf 86' lang='lat' dir='ltr'><strong>sicut</strong></span> <span class='ocrx_word' id='word_1_260' title='bbox 1856 1256 1946 1296; x_wconf 88' lang='lat' dir='ltr'><strong>apud</strong></span> <span class='ocrx_word' id='word_1_261' title='bbox 1958 1254 2100 1286; x_wconf 80' lang='lat' dir='ltr'><strong>Alexan-</strong></span> 
     </span>
     <span class='ocr_line' id='line_1_24' title="bbox 456 1309 2099 1346; baseline -0.001 -6"><span class='ocrx_word' id='word_1_262' title='bbox 456 1309 571 1343; x_wconf 75' lang='lat' dir='ltr'><strong>driam,</strong></span> <span class='ocrx_word' id='word_1_263' title='bbox 593 1313 660 1345; x_wconf 89' lang='lat' dir='ltr'><strong>quia</strong></span> <span class='ocrx_word' id='word_1_264' title='bbox 675 1315 706 1337; x_wconf 87' lang='lat' dir='ltr'><strong>et</strong></span> <span class='ocrx_word' id='word_1_265' title='bbox 724 1312 802 1338; x_wconf 87' lang='lat' dir='ltr'><strong>urbis</strong></span> <span class='ocrx_word' id='word_1_266' title='bbox 822 1312 930 1337; x_wconf 83' lang='lat' dir='ltr'><strong>Romae</strong></span> <span class='ocrx_word' id='word_1_267' title='bbox 947 1312 1081 1345; x_wconf 88' lang='lat' dir='ltr'><strong>episcopo</strong></span> <span class='ocrx_word' id='word_1_268' title='bbox 1101 1311 1198 1345; x_wconf 78' lang='lat' dir='ltr'><strong>parilis</strong></span> <span class='ocrx_word' id='word_1_269' title='bbox 1218 1320 1277 1337; x_wconf 84' lang='lat' dir='ltr'><strong>mos</strong></span> <span class='ocrx_word' id='word_1_270' title='bbox 1295 1314 1348 1342; x_wconf 88' lang='lat' dir='ltr'><strong>est,</strong></span> <span class='ocrx_word' id='word_1_271' title='bbox 1367 1312 1501 1337; x_wconf 86' lang='lat' dir='ltr'><strong>similiter</strong></span> <span class='ocrx_word' id='word_1_272' title='bbox 1517 1315 1549 1338; x_wconf 90' lang='lat' dir='ltr'><strong>et</strong></span> <span class='ocrx_word' id='word_1_273' title='bbox 1566 1311 1642 1345; x_wconf 86' lang='lat' dir='ltr'><strong>apud</strong></span> <span class='ocrx_word' id='word_1_274' title='bbox 1651 1311 1836 1338; x_wconf 82' lang='lat' dir='ltr'><strong>Antiochiam</strong></span> <span class='ocrx_word' id='word_1_275' title='bbox 1854 1315 2018 1346; x_wconf 81' lang='lat' dir='ltr'><strong>ceterasque</strong></span> <span class='ocrx_word' id='word_1_276' title='bbox 2037 1320 2099 1345; x_wconf 85' lang='lat' dir='ltr'><strong>pro-</strong></span> 
     </span>
     <span class='ocr_line' id='line_1_25' title="bbox 457 1360 2100 1403; baseline 0.001 -12"><span class='ocrx_word' id='word_1_277' title='bbox 457 1366 566 1392; x_wconf 80' lang='lat' dir='ltr'><strong>vincias</strong></span> <span class='ocrx_word' id='word_1_278' title='bbox 584 1366 642 1391; x_wconf 82' lang='lat' dir='ltr'><strong>suis</strong></span> <span class='ocrx_word' id='word_1_279' title='bbox 661 1365 810 1399; x_wconf 82' lang='lat' dir='ltr'><strong>privilegia</strong></span> <span class='ocrx_word' id='word_1_280' title='bbox 827 1369 994 1391; x_wconf 77' lang='lat' dir='ltr'><strong>serventure</strong></span> <span class='ocrx_word' id='word_1_281' title='bbox 1011 1365 1143 1391; x_wconf 81' lang='lat' dir='ltr'><strong>ecclesiis.</strong></span> <span class='ocrx_word' id='word_1_282' title='bbox 1163 1360 1256 1392; x_wconf 89' lang='lat' dir='ltr'><strong>Unde</strong></span> <span class='ocrx_word' id='word_1_283' title='bbox 1276 1361 1358 1392; x_wconf 89' lang='lat' dir='ltr'><strong>bene</strong></span> <span class='ocrx_word' id='word_1_284' title='bbox 1379 1361 1524 1403; x_wconf 79' lang='lat' dir='ltr'><strong>placuit8</strong></span> <span class='ocrx_word' id='word_1_285' title='bbox 1543 1362 1639 1393; x_wconf 85' lang='lat' dir='ltr'><strong>annis</strong></span> <span class='ocrx_word' id='word_1_286' title='bbox 1658 1361 1793 1403; x_wconf 85' lang='lat' dir='ltr'><strong>singulis</strong></span> <span class='ocrx_word' id='word_1_287' title='bbox 1813 1373 1863 1398; x_wconf 88' lang='lat' dir='ltr'><strong>per</strong></span> <span class='ocrx_word' id='word_1_288' title='bbox 1883 1372 2100 1402; x_wconf 90' lang='lat' dir='ltr'><strong>unamquam-</strong></span> 
     </span>
     <span class='ocr_line' id='line_1_26' title="bbox 456 1414 2099 1457; baseline 0 -11"><span class='ocrx_word' id='word_1_289' title='bbox 456 1426 518 1456; x_wconf 87' lang='lat' dir='ltr'><strong>que</strong></span> <span class='ocrx_word' id='word_1_290' title='bbox 537 1419 720 1452; x_wconf 76' lang='lat' dir='ltr'><strong>provinciam</strong></span> <span class='ocrx_word' id='word_1_291' title='bbox 739 1418 782 1444; x_wconf 84' lang='lat' dir='ltr'><strong>bis</strong></span> <span class='ocrx_word' id='word_1_292' title='bbox 799 1418 830 1444; x_wconf 86' lang='lat' dir='ltr'><strong>in</strong></span> <span class='ocrx_word' id='word_1_293' title='bbox 849 1427 923 1444; x_wconf 87' lang='lat' dir='ltr'><strong>anno</strong></span> <span class='ocrx_word' id='word_1_294' title='bbox 943 1418 1064 1445; x_wconf 84' lang='lat' dir='ltr'><strong>concilia</strong></span> <span class='ocrx_word' id='word_1_295' title='bbox 1081 1418 1240 1448; x_wconf 84' lang='lat' dir='ltr'><strong>celebrari,</strong></span> <span class='ocrx_word' id='word_1_296' title='bbox 1262 1418 1299 1445; x_wconf 89' lang='lat' dir='ltr'><strong>ut</strong></span> <span class='ocrx_word' id='word_1_297' title='bbox 1317 1415 1538 1446; x_wconf 84' lang='lat' dir='ltr'><strong>communiter</strong></span> <span class='ocrx_word' id='word_1_298' title='bbox 1556 1414 1710 1446; x_wconf 88' lang='lat' dir='ltr'><strong>omnibus</strong></span> <span class='ocrx_word' id='word_1_299' title='bbox 1729 1415 1829 1446; x_wconf 91' lang='lat' dir='ltr'><strong>simul</strong></span> <span class='ocrx_word' id='word_1_300' title='bbox 1847 1415 2006 1457; x_wconf 87' lang='lat' dir='ltr'><strong>episcopis</strong></span> <span class='ocrx_word' id='word_1_301' title='bbox 2024 1426 2099 1446; x_wconf 90' lang='grc'><strong>0011-</strong></span> 
     </span>
     <span class='ocr_line' id='line_1_27' title="bbox 457 1467 1494 1510; baseline 0 -11"><span class='ocrx_word' id='word_1_302' title='bbox 457 1469 595 1510; x_wconf 77' lang='lat' dir='ltr'><strong>gregatis</strong></span> <span class='ocrx_word' id='word_1_303' title='bbox 618 1468 802 1509; x_wconf 86' lang='lat' dir='ltr'><strong>provinciae</strong></span> <span class='ocrx_word' id='word_1_304' title='bbox 825 1468 1045 1499; x_wconf 83' lang='lat' dir='ltr'><strong>discutiantur</strong></span> <span class='ocrx_word' id='word_1_305' title='bbox 1066 1467 1254 1499; x_wconf 81' lang='lat' dir='ltr'><strong>huiusmodi</strong></span> <span class='ocrx_word' id='word_1_306' title='bbox 1276 1468 1494 1508; x_wconf 86' lang='lat' dir='ltr'><strong>quaestiones.</strong></span> 
     </span>
    </p>

    <p class='ocr_par' dir='ltr' id='par_1_5' title="bbox 457 1521 2100 2202">
     <span class='ocr_line' id='line_1_28' title="bbox 527 1521 2098 1562; baseline -0.001 -10"><span class='ocrx_word' id='word_1_307' title='bbox 527 1521 572 1552; x_wconf 89' lang='lat' dir='ltr'><strong>Et</strong></span> <span class='ocrx_word' id='word_1_308' title='bbox 590 1522 667 1552; x_wconf 84' lang='lat' dir='ltr'><strong>haec</strong></span> <span class='ocrx_word' id='word_1_309' title='bbox 687 1522 770 1559; x_wconf 80' lang='lat' dir='ltr'><strong>dico,</strong></span> <span class='ocrx_word' id='word_1_310' title='bbox 791 1532 868 1559; x_wconf 84' lang='lat' dir='ltr'><strong>non,</strong></span> <span class='ocrx_word' id='word_1_311' title='bbox 888 1521 976 1562; x_wconf 88' lang='lat' dir='ltr'><strong>quod</strong></span> <span class='ocrx_word' id='word_1_312' title='bbox 995 1521 1090 1557; x_wconf 83' lang='lat' dir='ltr'><strong>absit,</strong></span> <span class='ocrx_word' id='word_1_313' title='bbox 1113 1521 1337 1562; x_wconf 88' lang='lat' dir='ltr'><strong>praeiudicans</strong></span> <span class='ocrx_word' id='word_1_314' title='bbox 1357 1532 1505 1552; x_wconf 85' lang='lat' dir='ltr'><strong>summae</strong></span> <span class='ocrx_word' id='word_1_315' title='bbox 1526 1521 1609 1552; x_wconf 86' lang='lat' dir='ltr'><strong>sedis</strong></span> <span class='ocrx_word' id='word_1_316' title='bbox 1628 1521 1825 1562; x_wconf 87' lang='lat' dir='ltr'><strong>apostolicae</strong></span> <span class='ocrx_word' id='word_1_317' title='bbox 1845 1525 1879 1552; x_wconf 88' lang='lat' dir='ltr'><strong>et</strong></span> <span class='ocrx_word' id='word_1_318' title='bbox 1898 1521 2003 1553; x_wconf 91' lang='lat' dir='ltr'><strong>sancti</strong></span> <span class='ocrx_word' id='word_1_319' title='bbox 2022 1532 2098 1562; x_wconf 90' lang='lat' dir='ltr'><strong>apo-</strong></span> 
     </span>
     <span class='ocr_line' id='line_1_29' title="bbox 457 1574 2099 1616; baseline 0 -11"><span class='ocrx_word' id='word_1_320' title='bbox 457 1574 596 1605; x_wconf 78' lang='lat' dir='ltr'><strong>stolatus</strong></span> <span class='ocrx_word' id='word_1_321' title='bbox 615 1575 715 1605; x_wconf 82' lang='lat' dir='ltr'><strong>vestri</strong></span> <span class='ocrx_word' id='word_1_322' title='bbox 736 1577 949 1616; x_wconf 75' lang='lat' dir='ltr'><strong>potestatem¹</strong></span> <span class='ocrx_word' id='word_1_323' title='bbox 969 1574 1018 1605; x_wconf 64' lang='lat' dir='ltr'><strong>ins</strong></span> <span class='ocrx_word' id='word_1_324' title='bbox 1038 1574 1172 1615; x_wconf 67' lang='lat' dir='ltr'><strong>aliquo‘,</strong></span> <span class='ocrx_word' id='word_1_325' title='bbox 1200 1575 1253 1605; x_wconf 89' lang='lat' dir='ltr'><strong>cui</strong></span> <span class='ocrx_word' id='word_1_326' title='bbox 1280 1575 1315 1605; x_wconf 91' lang='lat' dir='ltr'><strong>in</strong></span> <span class='ocrx_word' id='word_1_327' title='bbox 1335 1574 1488 1606; x_wconf 86' lang='lat' dir='ltr'><strong>omnibus</strong></span> <span class='ocrx_word' id='word_1_328' title='bbox 1509 1585 1595 1611; x_wconf 90' lang='lat' dir='ltr'><strong>sum,</strong></span> <span class='ocrx_word' id='word_1_329' title='bbox 1617 1575 1704 1605; x_wconf 86' lang='lat' dir='ltr'><strong>sicut</strong></span> <span class='ocrx_word' id='word_1_330' title='bbox 1723 1578 1851 1606; x_wconf 88' lang='lat' dir='ltr'><strong>rectum</strong></span> <span class='ocrx_word' id='word_1_331' title='bbox 1871 1579 1930 1612; x_wconf 87' lang='lat' dir='ltr'><strong>est,</strong></span> <span class='ocrx_word' id='word_1_332' title='bbox 1952 1574 2099 1605; x_wconf 84' lang='lat' dir='ltr'><strong>oboedire</strong></span> 
     </span>
     <span class='ocr_line' id='line_1_30' title="bbox 460 1627 2099 1669; baseline 0 -11"><span class='ocrx_word' id='word_1_333' title='bbox 460 1632 608 1669; x_wconf 80' lang='lat' dir='ltr'><strong>paratus3</strong></span> <span class='ocrx_word' id='word_1_334' title='bbox 624 1629 678 1659; x_wconf 85' lang='lat' dir='ltr'><strong>sed</strong></span> <span class='ocrx_word' id='word_1_335' title='bbox 693 1629 768 1669; x_wconf 86' lang='lat' dir='ltr'><strong>quia</strong></span> <span class='ocrx_word' id='word_1_336' title='bbox 785 1639 934 1659; x_wconf 87' lang='lat' dir='ltr'><strong>summae</strong></span> <span class='ocrx_word' id='word_1_337' title='bbox 949 1629 1140 1659; x_wconf 79' lang='lat' dir='ltr'><strong>auctoritati</strong></span> <span class='ocrx_word' id='word_1_338' title='bbox 1154 1631 1280 1658; x_wconf 87' lang='lat' dir='ltr'><strong>vestrae</strong></span> <span class='ocrx_word' id='word_1_339' title='bbox 1295 1627 1489 1669; x_wconf 89' lang='lat' dir='ltr'><strong>obsequium</strong></span> <span class='ocrx_word' id='word_1_340' title='bbox 1505 1631 1668 1669; x_wconf 82' lang='lat' dir='ltr'><strong>praestare</strong></span> <span class='ocrx_word' id='word_1_341' title='bbox 1685 1639 1735 1659; x_wconf 90' lang='lat' dir='ltr'><strong>me</strong></span> <span class='ocrx_word' id='word_1_342' title='bbox 1751 1632 1845 1669; x_wconf 80' lang='lat' dir='ltr'><strong>putO,</strong></span> <span class='ocrx_word' id='word_1_343' title='bbox 1860 1639 1937 1659; x_wconf 91' lang='lat' dir='ltr'><strong>cum</strong></span> <span class='ocrx_word' id='word_1_344' title='bbox 1952 1639 2000 1665; x_wconf 88' lang='lat' dir='ltr'><strong>ea,</strong></span> <span class='ocrx_word' id='word_1_345' title='bbox 2016 1638 2099 1668; x_wconf 91' lang='lat' dir='ltr'><strong>quae</strong></span> 
     </span>
     <span class='ocr_line' id='line_1_31' title="bbox 458 1681 2099 1723; baseline 0 -11"><span class='ocrx_word' id='word_1_346' title='bbox 458 1681 574 1718; x_wconf 58' lang='lat' dir='ltr'><strong>sentim</strong></span> <span class='ocrx_word' id='word_1_347' title='bbox 598 1686 657 1712; x_wconf 82' lang='lat' dir='ltr'><strong>aut</strong></span> <span class='ocrx_word' id='word_1_348' title='bbox 681 1682 722 1712; x_wconf 89' lang='lat' dir='ltr'><strong>ad</strong></span> <span class='ocrx_word' id='word_1_349' title='bbox 746 1682 973 1723; x_wconf 85' lang='lat' dir='ltr'><strong>probationem</strong></span> <span class='ocrx_word' id='word_1_350' title='bbox 997 1685 1057 1712; x_wconf 90' lang='lat' dir='ltr'><strong>aut</strong></span> <span class='ocrx_word' id='word_1_351' title='bbox 1079 1682 1122 1712; x_wconf 89' lang='lat' dir='ltr'><strong>ad</strong></span> <span class='ocrx_word' id='word_1_352' title='bbox 1144 1681 1377 1712; x_wconf 83' lang='lat' dir='ltr'><strong>correctionem</strong></span> <span class='ocrx_word' id='word_1_353' title='bbox 1402 1681 1570 1713; x_wconf 80' lang='lat' dir='ltr'><strong>humiliter</strong></span> <span class='ocrx_word' id='word_1_354' title='bbox 1594 1681 1773 1722; x_wconf 83' lang='lat' dir='ltr'><strong>sapientiae</strong></span> <span class='ocrx_word' id='word_1_355' title='bbox 1798 1681 1897 1712; x_wconf 88' lang='lat' dir='ltr'><strong>vestri</strong></span> <span class='ocrx_word' id='word_1_356' title='bbox 1924 1681 2099 1722; x_wconf 84' lang='lat' dir='ltr'><strong>magisterii</strong></span> 
     </span>
     <span class='ocr_line' id='line_1_32' title="bbox 459 1734 2099 1776; baseline 0 -11"><span class='ocrx_word' id='word_1_357' title='bbox 459 1734 577 1776; x_wconf 72' lang='lat' dir='ltr'><strong>pando,</strong></span> <span class='ocrx_word' id='word_1_358' title='bbox 596 1734 641 1765; x_wconf 89' lang='lat' dir='ltr'><strong>Et</strong></span> <span class='ocrx_word' id='word_1_359' title='bbox 659 1734 801 1766; x_wconf 84' lang='lat' dir='ltr'><strong>Rothadi</strong></span> <span class='ocrx_word' id='word_1_360' title='bbox 822 1746 925 1766; x_wconf 86' lang='lat' dir='ltr'><strong>mores</strong></span> <span class='ocrx_word' id='word_1_361' title='bbox 944 1734 1036 1766; x_wconf 89' lang='lat' dir='ltr'><strong>vobis</strong></span> <span class='ocrx_word' id='word_1_362' title='bbox 1055 1734 1208 1765; x_wconf 87' lang='lat' dir='ltr'><strong>intimare</strong></span> <span class='ocrx_word' id='word_1_363' title='bbox 1229 1745 1376 1776; x_wconf 84' lang='lat' dir='ltr'><strong>procuro,</strong></span> <span class='ocrx_word' id='word_1_364' title='bbox 1399 1745 1437 1765; x_wconf 89' lang='lat' dir='ltr'><strong>ne</strong></span> <span class='ocrx_word' id='word_1_365' title='bbox 1460 1745 1530 1766; x_wconf 85' lang='lat' dir='ltr'><strong>mea</strong></span> <span class='ocrx_word' id='word_1_366' title='bbox 1552 1734 1764 1776; x_wconf 73' lang='lat' dir='ltr'><strong>neglegentia,</strong></span> <span class='ocrx_word' id='word_1_367' title='bbox 1785 1735 1842 1776; x_wconf 86' lang='lat' dir='ltr'><strong>qui</strong></span> <span class='ocrx_word' id='word_1_368' title='bbox 1862 1745 1915 1765; x_wconf 89' lang='lat' dir='ltr'><strong>eos</strong></span> <span class='ocrx_word' id='word_1_369' title='bbox 1935 1734 2022 1772; x_wconf 86' lang='lat' dir='ltr'><strong>novi,</strong></span> <span class='ocrx_word' id='word_1_370' title='bbox 2042 1745 2099 1765; x_wconf 88' lang='lat' dir='ltr'><strong>vos</strong></span> 
     </span>
     <span class='ocr_line' id='line_1_33' title="bbox 459 1787 2098 1829; baseline 0 -11"><span class='ocrx_word' id='word_1_371' title='bbox 459 1788 593 1823; x_wconf 72' lang='lat' dir='ltr'><strong>lateant,</strong></span> <span class='ocrx_word' id='word_1_372' title='bbox 615 1788 772 1828; x_wconf 83' lang='lat' dir='ltr'><strong>quatinus</strong></span> <span class='ocrx_word' id='word_1_373' title='bbox 791 1789 911 1819; x_wconf 82' lang='lat' dir='ltr'><strong>certius</strong></span> <span class='ocrx_word' id='word_1_374' title='bbox 931 1788 1019 1829; x_wconf 91' lang='lat' dir='ltr'><strong>quod</strong></span> <span class='ocrx_word' id='word_1_375' title='bbox 1038 1787 1130 1819; x_wconf 85' lang='lat' dir='ltr'><strong>vobis</strong></span> <span class='ocrx_word' id='word_1_376' title='bbox 1151 1787 1310 1829; x_wconf 83' lang='lat' dir='ltr'><strong>placuerit</strong></span> <span class='ocrx_word' id='word_1_377' title='bbox 1330 1788 1368 1818; x_wconf 90' lang='lat' dir='ltr'><strong>de</strong></span> <span class='ocrx_word' id='word_1_378' title='bbox 1390 1787 1443 1820; x_wconf 88' lang='lat' dir='ltr'><strong>illo</strong></span> <span class='ocrx_word' id='word_1_379' title='bbox 1464 1791 1572 1819; x_wconf 84' lang='lat' dir='ltr'><strong>vestra</strong></span> <span class='ocrx_word' id='word_1_380' title='bbox 1592 1789 1772 1819; x_wconf 84' lang='lat' dir='ltr'><strong>auctoritas</strong></span> <span class='ocrx_word' id='word_1_381' title='bbox 1793 1789 1959 1819; x_wconf 84' lang='lat' dir='ltr'><strong>decernere</strong></span> <span class='ocrx_word' id='word_1_382' title='bbox 1979 1787 2098 1819; x_wconf 86' lang='lat' dir='ltr'><strong>valeat.</strong></span> 
     </span>
     <span class='ocr_line' id='line_1_34' title="bbox 459 1841 2099 1883; baseline 0.001 -12"><span class='ocrx_word' id='word_1_383' title='bbox 459 1844 564 1877; x_wconf 69' lang='lat' dir='ltr'><strong>Quem</strong></span> <span class='ocrx_word' id='word_1_384' title='bbox 582 1841 608 1871; x_wconf 91' lang='lat' dir='ltr'><strong>si</strong></span> <span class='ocrx_word' id='word_1_385' title='bbox 627 1852 713 1871; x_wconf 88' lang='lat' dir='ltr'><strong>nunc</strong></span> <span class='ocrx_word' id='word_1_386' title='bbox 738 1842 771 1872; x_wconf 88' lang='lat' dir='ltr'><strong>in</strong></span> <span class='ocrx_word' id='word_1_387' title='bbox 789 1841 990 1883; x_wconf 81' lang='lat' dir='ltr'><strong>depositione</strong></span> <span class='ocrx_word' id='word_1_388' title='bbox 1008 1841 1168 1872; x_wconf 87' lang='lat' dir='ltr'><strong>iudicium</strong></span> <span class='ocrx_word' id='word_1_389' title='bbox 1184 1846 1332 1872; x_wconf 83' lang='lat' dir='ltr'><strong>vestrum</strong></span> <span class='ocrx_word' id='word_1_390' title='bbox 1352 1852 1480 1872; x_wconf 83' lang='lat' dir='ltr'><strong>manere</strong></span> <span class='ocrx_word' id='word_1_391' title='bbox 1498 1842 1684 1878; x_wconf 86' lang='lat' dir='ltr'><strong>decreverit,</strong></span> <span class='ocrx_word' id='word_1_392' title='bbox 1703 1842 1824 1872; x_wconf 87' lang='lat' dir='ltr'><strong>scimus</strong></span> <span class='ocrx_word' id='word_1_393' title='bbox 1842 1842 1880 1872; x_wconf 90' lang='lat' dir='ltr'><strong>de</strong></span> <span class='ocrx_word' id='word_1_394' title='bbox 1896 1841 2099 1882; x_wconf 84' lang='lat' dir='ltr'><strong>benignitate</strong></span> 
     </span>
     <span class='ocr_line' id='line_1_35' title="bbox 458 1893 2099 1936; baseline -0.001 -11"><span class='ocrx_word' id='word_1_395' title='bbox 458 1898 491 1925; x_wconf 83' lang='lat' dir='ltr'><strong>et</strong></span> <span class='ocrx_word' id='word_1_396' title='bbox 514 1894 671 1925; x_wconf 83' lang='lat' dir='ltr'><strong>modestia</strong></span> <span class='ocrx_word' id='word_1_397' title='bbox 693 1905 729 1925; x_wconf 86' lang='lat' dir='ltr'><strong>ac</strong></span> <span class='ocrx_word' id='word_1_398' title='bbox 760 1895 881 1936; x_wconf 76' lang='lat' dir='ltr'><strong>pietate</strong></span> <span class='ocrx_word' id='word_1_399' title='bbox 912 1894 969 1926; x_wconf 86' lang='lat' dir='ltr'><strong>filii</strong></span> <span class='ocrx_word' id='word_1_400' title='bbox 990 1895 1090 1925; x_wconf 90' lang='lat' dir='ltr'><strong>vestri</strong></span> <span class='ocrx_word' id='word_1_401' title='bbox 1112 1894 1226 1925; x_wconf 84' lang='lat' dir='ltr'><strong>domni</strong></span> <span class='ocrx_word' id='word_1_402' title='bbox 1248 1894 1350 1925; x_wconf 85' lang='lat' dir='ltr'><strong>nostri</strong></span> <span class='ocrx_word' id='word_1_403' title='bbox 1372 1894 1454 1935; x_wconf 82' lang='lat' dir='ltr'><strong>regis</strong></span> <span class='ocrx_word' id='word_1_404' title='bbox 1478 1893 1602 1931; x_wconf 86' lang='lat' dir='ltr'><strong>Karoli,</strong></span> <span class='ocrx_word' id='word_1_405' title='bbox 1625 1895 1784 1935; x_wconf 86' lang='lat' dir='ltr'><strong>quoniam</strong></span> <span class='ocrx_word' id='word_1_406' title='bbox 1805 1895 1963 1936; x_wconf 89' lang='lat' dir='ltr'><strong>quicquid</strong></span> <span class='ocrx_word' id='word_1_407' title='bbox 1984 1895 2022 1926; x_wconf 89' lang='lat' dir='ltr'><strong>de</strong></span> <span class='ocrx_word' id='word_1_408' title='bbox 2044 1894 2099 1925; x_wconf 87' lang='lat' dir='ltr'><strong>illo</strong></span> 
     </span>
     <span class='ocr_line' id='line_1_36' title="bbox 460 1947 2100 1989; baseline 0.001 -12"><span class='ocrx_word' id='word_1_409' title='bbox 460 1948 605 1988; x_wconf 77' lang='lat' dir='ltr'><strong>praefato</strong></span> <span class='ocrx_word' id='word_1_410' title='bbox 621 1947 685 1978; x_wconf 88' lang='lat' dir='ltr'><strong>filio</strong></span> <span class='ocrx_word' id='word_1_411' title='bbox 700 1952 807 1979; x_wconf 86' lang='lat' dir='ltr'><strong>vestro</strong></span> <span class='ocrx_word' id='word_1_412' title='bbox 823 1948 1050 1989; x_wconf 81' lang='lat' dir='ltr'><strong>praeceperitis</strong></span> <span class='ocrx_word' id='word_1_413' title='bbox 1064 1952 1098 1978; x_wconf 90' lang='lat' dir='ltr'><strong>et</strong></span> <span class='ocrx_word' id='word_1_414' title='bbox 1112 1947 1348 1979; x_wconf 88' lang='lat' dir='ltr'><strong>rationabiliter</strong></span> <span class='ocrx_word' id='word_1_415' title='bbox 1364 1947 1485 1988; x_wconf 89' lang='lat' dir='ltr'><strong>poterit</strong></span> <span class='ocrx_word' id='word_1_416' title='bbox 1498 1947 1687 1988; x_wconf 81' lang='lat' dir='ltr'><strong>adimplere,</strong></span> <span class='ocrx_word' id='word_1_417' title='bbox 1703 1949 1771 1979; x_wconf 90' lang='lat' dir='ltr'><strong>sine</strong></span> <span class='ocrx_word' id='word_1_418' title='bbox 1790 1948 1855 1979; x_wconf 91' lang='lat' dir='ltr'><strong>ulla</strong></span> <span class='ocrx_word' id='word_1_419' title='bbox 1869 1947 2100 1979; x_wconf 88' lang='lat' dir='ltr'><strong>retractatione</strong></span> 
     </span>
     <span class='ocr_line' id='line_1_37' title="bbox 459 2000 2100 2043; baseline 0.002 -14"><span class='ocrx_word' id='word_1_420' title='bbox 459 2000 616 2031; x_wconf 85' lang='lat' dir='ltr'><strong>oboediet.</strong></span> <span class='ocrx_word' id='word_1_421' title='bbox 638 2000 699 2031; x_wconf 81' lang='lat' dir='ltr'><strong>Sed</strong></span> <span class='ocrx_word' id='word_1_422' title='bbox 719 2005 752 2031; x_wconf 85' lang='lat' dir='ltr'><strong>et</strong></span> <span class='ocrx_word' id='word_1_423' title='bbox 771 2002 953 2043; x_wconf 86' lang='lat' dir='ltr'><strong>coepiscopi</strong></span> <span class='ocrx_word' id='word_1_424' title='bbox 974 2001 1076 2032; x_wconf 86' lang='lat' dir='ltr'><strong>nostri</strong></span> <span class='ocrx_word' id='word_1_425' title='bbox 1096 2001 1134 2032; x_wconf 88' lang='lat' dir='ltr'><strong>de</strong></span> <span class='ocrx_word' id='word_1_426' title='bbox 1154 2000 1362 2032; x_wconf 87' lang='lat' dir='ltr'><strong>ecclesiarum</strong></span> <span class='ocrx_word' id='word_1_427' title='bbox 1382 2011 1518 2031; x_wconf 86' lang='lat' dir='ltr'><strong>suarum</strong></span> <span class='ocrx_word' id='word_1_428' title='bbox 1538 2001 1709 2042; x_wconf 80' lang='lat' dir='ltr'><strong>stipendiis</strong></span> <span class='ocrx_word' id='word_1_429' title='bbox 1729 2001 2033 2033; x_wconf 87' lang='lat' dir='ltr'><strong>habundantissime</strong></span> <span class='ocrx_word' id='word_1_430' title='bbox 2053 2000 2100 2032; x_wconf 84' lang='lat' dir='ltr'><strong>illi</strong></span> 
     </span>
     <span class='ocr_line' id='line_1_38' title="bbox 460 2053 2099 2096; baseline 0.001 -12"><span class='ocrx_word' id='word_1_431' title='bbox 460 2054 662 2094; x_wconf 87' lang='lat' dir='ltr'><strong>impendent.</strong></span> <span class='ocrx_word' id='word_1_432' title='bbox 690 2054 760 2085; x_wconf 88' lang='lat' dir='ltr'><strong>Mea</strong></span> <span class='ocrx_word' id='word_1_433' title='bbox 784 2055 885 2086; x_wconf 87' lang='lat' dir='ltr'><strong>etiam</strong></span> <span class='ocrx_word' id='word_1_434' title='bbox 909 2055 1082 2095; x_wconf 78' lang='lat' dir='ltr'><strong>exiguitas,</strong></span> <span class='ocrx_word' id='word_1_435' title='bbox 1108 2055 1194 2085; x_wconf 88' lang='lat' dir='ltr'><strong>sicut</strong></span> <span class='ocrx_word' id='word_1_436' title='bbox 1218 2064 1402 2095; x_wconf 87' lang='lat' dir='ltr'><strong>numquam</strong></span> <span class='ocrx_word' id='word_1_437' title='bbox 1425 2054 1465 2085; x_wconf 88' lang='lat' dir='ltr'><strong>ad</strong></span> <span class='ocrx_word' id='word_1_438' title='bbox 1491 2053 1741 2085; x_wconf 86' lang='lat' dir='ltr'><strong>retributionem</strong></span> <span class='ocrx_word' id='word_1_439' title='bbox 1767 2054 1844 2086; x_wconf 88' lang='lat' dir='ltr'><strong>mali</strong></span> <span class='ocrx_word' id='word_1_440' title='bbox 1869 2058 2002 2096; x_wconf 89' lang='lat' dir='ltr'><strong>propter</strong></span> <span class='ocrx_word' id='word_1_441' title='bbox 2025 2065 2099 2085; x_wconf 90' lang='lat' dir='ltr'><strong>con-</strong></span> 
     </span>
     <span class='ocr_line' id='line_1_39' title="bbox 460 2107 2099 2149; baseline 0.001 -13"><span class='ocrx_word' id='word_1_442' title='bbox 460 2110 608 2147; x_wconf 87' lang='lat' dir='ltr'><strong>temptus</strong></span> <span class='ocrx_word' id='word_1_443' title='bbox 621 2111 654 2137; x_wconf 90' lang='lat' dir='ltr'><strong>et</strong></span> <span class='ocrx_word' id='word_1_444' title='bbox 666 2108 882 2138; x_wconf 85' lang='lat' dir='ltr'><strong>contumelias</strong></span> <span class='ocrx_word' id='word_1_445' title='bbox 895 2108 936 2139; x_wconf 90' lang='lat' dir='ltr'><strong>ab</strong></span> <span class='ocrx_word' id='word_1_446' title='bbox 950 2107 1004 2139; x_wconf 91' lang='lat' dir='ltr'><strong>illo</strong></span> <span class='ocrx_word' id='word_1_447' title='bbox 1018 2108 1096 2139; x_wconf 90' lang='lat' dir='ltr'><strong>mihi</strong></span> <span class='ocrx_word' id='word_1_448' title='bbox 1110 2107 1218 2139; x_wconf 87' lang='lat' dir='ltr'><strong>illatas</strong></span> <span class='ocrx_word' id='word_1_449' title='bbox 1232 2107 1398 2149; x_wconf 87' lang='lat' dir='ltr'><strong>pervenire</strong></span> <span class='ocrx_word' id='word_1_450' title='bbox 1407 2107 1508 2144; x_wconf 84' lang='lat' dir='ltr'><strong>volui,</strong></span> <span class='ocrx_word' id='word_1_451' title='bbox 1519 2107 1566 2138; x_wconf 88' lang='lat' dir='ltr'><strong>ita</strong></span> <span class='ocrx_word' id='word_1_452' title='bbox 1580 2107 1735 2148; x_wconf 88' lang='lat' dir='ltr'><strong>quicquid</strong></span> <span class='ocrx_word' id='word_1_453' title='bbox 1748 2107 1961 2149; x_wconf 77' lang='lat' dir='ltr'><strong>benignitatis</strong></span> <span class='ocrx_word' id='word_1_454' title='bbox 1976 2111 2099 2149; x_wconf 88' lang='lat' dir='ltr'><strong>potero,</strong></span> 
     </span>
     <span class='ocr_line' id='line_1_40' title="bbox 460 2159 1968 2202; baseline 0.001 -11"><span class='ocrx_word' id='word_1_455' title='bbox 460 2159 683 2197; x_wconf 78' lang='lat' dir='ltr'><strong>libentissime,</strong></span> <span class='ocrx_word' id='word_1_456' title='bbox 705 2160 952 2192; x_wconf 84' lang='lat' dir='ltr'><strong>habundantius</strong></span> <span class='ocrx_word' id='word_1_457' title='bbox 973 2161 1075 2192; x_wconf 86' lang='lat' dir='ltr'><strong>etiam</strong></span> <span class='ocrx_word' id='word_1_458' title='bbox 1096 2171 1198 2202; x_wconf 89' lang='lat' dir='ltr'><strong>quam</strong></span> <span class='ocrx_word' id='word_1_459' title='bbox 1221 2171 1381 2201; x_wconf 89' lang='lat' dir='ltr'><strong>umquam</strong></span> <span class='ocrx_word' id='word_1_460' title='bbox 1404 2160 1544 2198; x_wconf 76' lang='lat' dir='ltr'><strong>fecerim,</strong></span> <span class='ocrx_word' id='word_1_461' title='bbox 1567 2161 1754 2202; x_wconf 84' lang='lat' dir='ltr'><strong>impendere</strong></span> <span class='ocrx_word' id='word_1_462' title='bbox 1778 2161 1968 2202; x_wconf 85' lang='lat' dir='ltr'><strong>procurabo.</strong></span> 
     </span>
    </p>

    <p class='ocr_par' dir='ltr' id='par_1_6' title="bbox 460 2212 2101 2309">
     <span class='ocr_line' id='line_1_41' title="bbox 534 2212 2101 2255; baseline 0 -12"><span class='ocrx_word' id='word_1_463' title='bbox 534 2212 566 2243; x_wconf 87' lang='lat' dir='ltr'><strong>Si</strong></span> <span class='ocrx_word' id='word_1_464' title='bbox 588 2223 663 2243; x_wconf 85' lang='lat' dir='ltr'><strong>vero</strong></span> <span class='ocrx_word' id='word_1_465' title='bbox 687 2213 755 2244; x_wconf 89' lang='lat' dir='ltr'><strong>sine</strong></span> <span class='ocrx_word' id='word_1_466' title='bbox 780 2213 845 2245; x_wconf 87' lang='lat' dir='ltr'><strong>ulla</strong></span> <span class='ocrx_word' id='word_1_467' title='bbox 868 2214 1089 2245; x_wconf 81' lang='lat' dir='ltr'><strong>satisfactione</strong></span> <span class='ocrx_word' id='word_1_468' title='bbox 1113 2218 1184 2245; x_wconf 87' lang='lat' dir='ltr'><strong>tam</strong></span> <span class='ocrx_word' id='word_1_469' title='bbox 1207 2214 1329 2245; x_wconf 77' lang='lat' dir='ltr'><strong>diutini</strong></span> <span class='ocrx_word' id='word_1_470' title='bbox 1351 2217 1562 2255; x_wconf 87' lang='lat' dir='ltr'><strong>contemptus</strong></span> <span class='ocrx_word' id='word_1_471' title='bbox 1586 2225 1751 2245; x_wconf 88' lang='lat' dir='ltr'><strong>sacrorum</strong></span> <span class='ocrx_word' id='word_1_472' title='bbox 1774 2225 1940 2245; x_wconf 88' lang='lat' dir='ltr'><strong>canonum</strong></span> <span class='ocrx_word' id='word_1_473' title='bbox 1963 2217 1997 2245; x_wconf 88' lang='lat' dir='ltr'><strong>et</strong></span> <span class='ocrx_word' id='word_1_474' title='bbox 2019 2213 2101 2244; x_wconf 86' lang='lat' dir='ltr'><strong>sedis</strong></span> 
     </span>
     <span class='ocr_line' id='line_1_42' title="bbox 460 2265 2101 2309; baseline 0.001 -14"><span class='ocrx_word' id='word_1_475' title='bbox 460 2265 656 2306; x_wconf 78' lang='lat' dir='ltr'><strong>apostolicae</strong></span> <span class='ocrx_word' id='word_1_476' title='bbox 673 2267 876 2297; x_wconf 81' lang='lat' dir='ltr'><strong>decretorum</strong></span> <span class='ocrx_word' id='word_1_477' title='bbox 894 2278 929 2297; x_wconf 84' lang='lat' dir='ltr'><strong>ac</strong></span> <span class='ocrx_word' id='word_1_478' title='bbox 948 2279 1024 2298; x_wconf 76' lang='lat' dir='ltr'><strong>suae</strong></span> <span class='ocrx_word' id='word_1_479' title='bbox 1045 2267 1232 2309; x_wconf 82' lang='lat' dir='ltr'><strong>metropolis</strong></span> <span class='ocrx_word' id='word_1_480' title='bbox 1250 2266 1409 2308; x_wconf 80' lang='lat' dir='ltr'><strong>privilegii</strong></span> <span class='ocrx_word' id='word_1_481' title='bbox 1426 2271 1524 2307; x_wconf 84' lang='lat' dir='ltr'><strong>atque</strong></span> <span class='ocrx_word' id='word_1_482' title='bbox 1543 2266 1740 2298; x_wconf 84' lang='lat' dir='ltr'><strong>sinodalium</strong></span> <span class='ocrx_word' id='word_1_483' title='bbox 1758 2267 1964 2303; x_wconf 83' lang='lat' dir='ltr'><strong>iudiciorum,</strong></span> <span class='ocrx_word' id='word_1_484' title='bbox 1982 2266 2101 2307; x_wconf 79' lang='lat' dir='ltr'><strong>quibus</strong></span> 
     </span>
    </p>
   </div>
   <div class='ocr_carea' id='block_1_5' title="bbox 641 2331 1990 2340">
    <p class='ocr_par' dir='ltr' id='par_1_7' title="bbox 641 2331 1990 2340">
     <span class='ocr_line' id='line_1_43' title="bbox 641 2331 1990 2340; baseline 0 0"><span class='ocrx_word' id='word_1_485' title='bbox 641 2331 1990 2340; x_wconf 95' lang='lat' dir='ltr'><strong> </strong></span> 
     </span>
    </p>
   </div>
   <div class='ocr_carea' id='block_1_6' title="bbox 461 2372 2102 2445">
    <p class='ocr_par' dir='ltr' id='par_1_8' title="bbox 461 2372 2102 2445">
     <span class='ocr_line' id='line_1_44' title="bbox 549 2372 2102 2405; baseline 0.001 -10"><span class='ocrx_word' id='word_1_486' title='bbox 549 2373 572 2401; x_wconf 72' lang='lat'><strong>²²)</strong></span> <span class='ocrx_word' id='word_1_487' title='bbox 593 2372 662 2402; x_wconf 89' lang='lat' dir='ltr'><strong>quod</strong></span> <span class='ocrx_word' id='word_1_488' title='bbox 676 2373 700 2395; x_wconf 83' lang='lat'><em>3.</em></span> <span class='ocrx_word' id='word_1_489' title='bbox 786 2372 810 2402; x_wconf 70' lang='lat' dir='ltr'><strong>b)</strong></span> <span class='ocrx_word' id='word_1_490' title='bbox 831 2373 900 2403; x_wconf 83' lang='lat' dir='ltr'><strong>quod</strong></span> <span class='ocrx_word' id='word_1_491' title='bbox 917 2372 955 2397; x_wconf 62' lang='grc' dir='ltr'>ΙΙ).</span> <span class='ocrx_word' id='word_1_492' title='bbox 1039 2376 1062 2404; x_wconf 76' lang='lat'><strong>⁰)</strong></span> <span class='ocrx_word' id='word_1_493' title='bbox 1083 2375 1197 2404; x_wconf 73' lang='lat' dir='ltr'><strong>precepit</strong></span> <span class='ocrx_word' id='word_1_494' title='bbox 1213 2375 1235 2398; x_wconf 90' lang='lat' dir='ltr'><em>I.</em></span> <span class='ocrx_word' id='word_1_495' title='bbox 1322 2373 1347 2403; x_wconf 69' lang='lat' dir='ltr'><strong>d)</strong></span> <span class='ocrx_word' id='word_1_496' title='bbox 1369 2373 1484 2397; x_wconf 73' lang='lat' dir='ltr'><strong>niarium</strong></span> <span class='ocrx_word' id='word_1_497' title='bbox 1500 2372 1539 2397; x_wconf 70' lang='lat'><em>1¹³.</em></span> <span class='ocrx_word' id='word_1_498' title='bbox 1633 2375 1656 2404; x_wconf 79' lang='lat' dir='ltr'><strong>e)</strong></span> <span class='ocrx_word' id='word_1_499' title='bbox 1677 2377 1813 2398; x_wconf 82' lang='lat' dir='ltr'><strong>servantur</strong></span> <span class='ocrx_word' id='word_1_500' title='bbox 1827 2376 1850 2398; x_wconf 77' lang='lat'><em>2.</em></span> <span class='ocrx_word' id='word_1_501' title='bbox 1936 2373 1955 2403; x_wconf 84' lang='lat'><strong>1)</strong></span> <span class='ocrx_word' id='word_1_502' title='bbox 1975 2375 2002 2398; x_wconf 90' lang='lat' dir='ltr'><strong>in</strong></span> <span class='ocrx_word' id='word_1_503' title='bbox 2016 2374 2102 2405; x_wconf 84' lang='lat' dir='ltr'><strong>aliquo</strong></span> 
     </span>
     <span class='ocr_line' id='line_1_45' title="bbox 461 2417 706 2445; baseline 0.008 -8"><span class='ocrx_word' id='word_1_504' title='bbox 461 2418 618 2445; x_wconf 73' lang='lat' dir='ltr'><strong>potestatem</strong></span> <span class='ocrx_word' id='word_1_505' title='bbox 638 2417 662 2443; x_wconf 79' lang='lat'><strong>2,</strong></span> <span class='ocrx_word' id='word_1_506' title='bbox 683 2417 706 2439; x_wconf 88' lang='grc'><strong>3.</strong></span> 
     </span>
    </p>
   </div>
   <div class='ocr_carea' id='block_1_7' title="bbox 555 2495 2102 2530">
    <p class='ocr_par' dir='ltr' id='par_1_9' title="bbox 555 2495 2102 2530">
     <span class='ocr_line' id='line_1_46' title="bbox 555 2495 2102 2530; baseline 0.002 -10"><span class='ocrx_word' id='word_1_507' title='bbox 555 2496 578 2526; x_wconf 89' lang='grc'><strong>1)</strong></span> <span class='ocrx_word' id='word_1_508' title='bbox 598 2495 626 2520; x_wconf 67' lang='lat' dir='ltr'><strong>(J.</strong></span> <span class='ocrx_word' id='word_1_509' title='bbox 643 2496 665 2523; x_wconf 74' lang='lat'><strong>7,</strong></span> <span class='ocrx_word' id='word_1_510' title='bbox 685 2495 774 2520; x_wconf 47' lang='lat' dir='ltr'><strong>Codes·</strong></span> <span class='ocrx_word' id='word_1_511' title='bbox 791 2505 926 2521; x_wconf 68' lang='lat' dir='ltr'><strong>canonum</strong></span> <span class='ocrx_word' id='word_1_512' title='bbox 947 2496 1048 2529; x_wconf 76' lang='grc'><strong>(1009)</strong></span> <span class='ocrx_word' id='word_1_513' title='bbox 1078 2497 1105 2521; x_wconf 90' lang='lat' dir='ltr'><em>S.</em></span> <span class='ocrx_word' id='word_1_514' title='bbox 1120 2498 1208 2529; x_wconf 72' lang='lat' dir='ltr'><em>161j.;</em></span> <span class='ocrx_word' id='word_1_515' title='bbox 1233 2497 1386 2523; x_wconf 63' lang='lat' dir='ltr'><strong>Hiorsahius</strong></span> <span class='ocrx_word' id='word_1_516' title='bbox 1409 2498 1437 2523; x_wconf 90' lang='lat' dir='ltr'><em>S.</em></span> <span class='ocrx_word' id='word_1_517' title='bbox 1451 2498 1512 2523; x_wconf 77' lang='lat'><em>267.</em></span> <span class='ocrx_word' id='word_1_518' title='bbox 1537 2497 1632 2522; x_wconf 69' lang='lat' dir='ltr'><strong>Dieser</strong></span> <span class='ocrx_word' id='word_1_519' title='bbox 1648 2497 1751 2522; x_wconf 75' lang='grc' dir='ltr'><em>Καηοη</em></span> <span class='ocrx_word' id='word_1_520' title='bbox 1771 2497 1805 2522; x_wconf 64' lang='lat' dir='ltr'><strong>ist</strong></span> <span class='ocrx_word' id='word_1_521' title='bbox 1826 2498 1864 2522; x_wconf 82' lang='lat' dir='ltr'><strong>im</strong></span> <span class='ocrx_word' id='word_1_522' title='bbox 1883 2497 2023 2530; x_wconf 73' lang='lat' dir='ltr'><strong>jolqenden</strong></span> <span class='ocrx_word' id='word_1_523' title='bbox 2043 2498 2102 2523; x_wconf 60' lang='lat' dir='ltr'><strong>tells</strong></span> 
     </span>
    </p>
   </div>
   <div class='ocr_carea' id='block_1_8' title="bbox 462 2539 2103 2795">
    <p class='ocr_par' dir='ltr' id='par_1_10' title="bbox 462 2539 2103 2795">
     <span class='ocr_line' id='line_1_47' title="bbox 462 2539 2102 2575; baseline 0.002 -12"><span class='ocrx_word' id='word_1_524' title='bbox 462 2539 586 2566; x_wconf 70' lang='lat' dir='ltr'><strong>worllich.</strong></span> <span class='ocrx_word' id='word_1_525' title='bbox 601 2540 660 2564; x_wconf 74' lang='lat' dir='ltr'><strong>leils</strong></span> <span class='ocrx_word' id='word_1_526' title='bbox 678 2540 729 2571; x_wconf 64' lang='grc' dir='ltr'><strong>(νεῖ</strong></span> <span class='ocrx_word' id='word_1_527' title='bbox 752 2544 887 2565; x_wconf 67' lang='grc' dir='ltr'><strong>1·ω·ιυεί’[ςί.</strong></span> <span class='ocrx_word' id='word_1_528' title='bbox 911 2555 945 2558; x_wconf 26' lang='grc' dir='ltr'>ἡ</span> <span class='ocrx_word' id='word_1_529' title='bbox 963 2541 1017 2573; x_wconf 71' lang='lat' dir='ltr'><em>Vql.</em></span> <span class='ocrx_word' id='word_1_530' title='bbox 1036 2541 1159 2573; x_wconf 73' lang='lat' dir='ltr'><strong>iibriycns</strong></span> <span class='ocrx_word' id='word_1_531' title='bbox 1179 2542 1249 2567; x_wconf 63' lang='grc'><strong>1111011</strong></span> <span class='ocrx_word' id='word_1_532' title='bbox 1263 2542 1337 2567; x_wconf 73' lang='lat' dir='ltr'><strong>Anu.</strong></span> <span class='ocrx_word' id='word_1_533' title='bbox 1355 2542 1459 2567; x_wconf 79' lang='lat' dir='ltr'><strong>Berlin.</strong></span> <span class='ocrx_word' id='word_1_534' title='bbox 1476 2541 1527 2567; x_wconf 74' lang='lat'><strong>365</strong></span> <span class='ocrx_word' id='word_1_535' title='bbox 1542 2541 1580 2566; x_wconf 81' lang='lat' dir='ltr'><strong>ed.</strong></span> <span class='ocrx_word' id='word_1_536' title='bbox 1596 2541 1679 2567; x_wconf 70' lang='lat' dir='ltr'><strong>Waitz</strong></span> <span class='ocrx_word' id='word_1_537' title='bbox 1695 2542 1724 2566; x_wconf 80' lang='lat' dir='ltr'><em>S.</em></span> <span class='ocrx_word' id='word_1_538' title='bbox 1740 2542 1780 2567; x_wconf 77' lang='lat'><strong>76.</strong></span> <span class='ocrx_word' id='word_1_539' title='bbox 1877 2543 1903 2574; x_wconf 82' lang='lat'><strong>2)</strong></span> <span class='ocrx_word' id='word_1_540' title='bbox 1924 2542 1978 2575; x_wconf 69' lang='lat' dir='ltr'><em>Vql.</em></span> <span class='ocrx_word' id='word_1_541' title='bbox 2002 2542 2102 2567; x_wconf 70' lang='lat' dir='ltr'><strong>Konzil</strong></span> 
     </span>
     <span class='ocr_line' id='line_1_48' title="bbox 462 2583 2102 2618; baseline 0.002 -11"><span class='ocrx_word' id='word_1_542' title='bbox 462 2592 512 2608; x_wconf 70' lang='lat' dir='ltr'><strong>ron</strong></span> <span class='ocrx_word' id='word_1_543' title='bbox 534 2583 671 2615; x_wconf 70' lang='lat' dir='ltr'><strong>Karlhctyo</strong></span> <span class='ocrx_word' id='word_1_544' title='bbox 692 2592 711 2608; x_wconf 77' lang='lat' dir='ltr'><strong>c.</strong></span> <span class='ocrx_word' id='word_1_545' title='bbox 726 2584 769 2611; x_wconf 77' lang='lat'><strong>30,</strong></span> <span class='ocrx_word' id='word_1_546' title='bbox 792 2584 881 2609; x_wconf 60' lang='lat' dir='ltr'><strong>C&#39;orleoe</strong></span> <span class='ocrx_word' id='word_1_547' title='bbox 901 2593 1037 2610; x_wconf 74' lang='lat' dir='ltr'><strong>canonum</strong></span> <span class='ocrx_word' id='word_1_548' title='bbox 1061 2585 1163 2617; x_wconf 75' lang='lat'><em>(1609)</em></span> <span class='ocrx_word' id='word_1_549' title='bbox 1187 2586 1214 2611; x_wconf 81' lang='lat' dir='ltr'><em>S.</em></span> <span class='ocrx_word' id='word_1_550' title='bbox 1229 2586 1294 2616; x_wconf 79' lang='lat'><em>199‚·</em></span> <span class='ocrx_word' id='word_1_551' title='bbox 1318 2586 1413 2618; x_wconf 64' lang='lat' dir='ltr'><strong>filique</strong></span> <span class='ocrx_word' id='word_1_552' title='bbox 1434 2586 1477 2616; x_wconf 81' lang='lat'><strong>67,</strong></span> <span class='ocrx_word' id='word_1_553' title='bbox 1499 2586 1559 2611; x_wconf 76' lang='lat'><em>192.</em></span> <span class='ocrx_word' id='word_1_554' title='bbox 1654 2586 1681 2617; x_wconf 88' lang='grc'><strong>3)</strong></span> <span class='ocrx_word' id='word_1_555' title='bbox 1702 2586 1754 2617; x_wconf 63' lang='lat' dir='ltr'><strong>Vql.</strong></span> <span class='ocrx_word' id='word_1_556' title='bbox 1774 2594 1794 2612; x_wconf 80' lang='lat' dir='ltr'><strong>c.</strong></span> <span class='ocrx_word' id='word_1_557' title='bbox 1811 2587 1826 2611; x_wconf 83' lang='lat'><em>7</em></span> <span class='ocrx_word' id='word_1_558' title='bbox 1850 2586 1896 2611; x_wconf 72' lang='lat' dir='ltr'><strong>cles</strong></span> <span class='ocrx_word' id='word_1_559' title='bbox 1914 2586 2028 2611; x_wconf 73' lang='lat' dir='ltr'><strong>Komils</strong></span> <span class='ocrx_word' id='word_1_560' title='bbox 2052 2595 2102 2611; x_wconf 68' lang='lat' dir='ltr'><strong>von</strong></span> 
     </span>
     <span class='ocr_line' id='line_1_49' title="bbox 462 2627 2102 2662; baseline 0.002 -11"><span class='ocrx_word' id='word_1_561' title='bbox 462 2627 588 2654; x_wconf 62' lang='lat' dir='ltr'><strong>Stat-dilect.</strong></span> <span class='ocrx_word' id='word_1_562' title='bbox 607 2637 627 2652; x_wconf 64' lang='lat' dir='ltr'><strong>s.</strong></span> <span class='ocrx_word' id='word_1_563' title='bbox 647 2628 712 2652; x_wconf 68' lang='lat' dir='ltr'><strong>oben</strong></span> <span class='ocrx_word' id='word_1_564' title='bbox 731 2628 763 2653; x_wconf 72' lang='lat' dir='ltr'><em>A.</em></span> <span class='ocrx_word' id='word_1_565' title='bbox 778 2628 802 2652; x_wconf 85' lang='lat'><em>1.</em></span> <span class='ocrx_word' id='word_1_566' title='bbox 933 2630 961 2659; x_wconf 82' lang='lat'><strong>4)</strong></span> <span class='ocrx_word' id='word_1_567' title='bbox 981 2629 1056 2654; x_wconf 74' lang='lat' dir='ltr'><strong>Decr.</strong></span> <span class='ocrx_word' id='word_1_568' title='bbox 1086 2630 1215 2655; x_wconf 69' lang='lat' dir='ltr'><strong>Imzoccnl</strong></span> <span class='ocrx_word' id='word_1_569' title='bbox 1240 2631 1264 2655; x_wconf 91' lang='lat' dir='ltr'><em>I.</em></span> <span class='ocrx_word' id='word_1_570' title='bbox 1291 2639 1311 2655; x_wconf 82' lang='lat' dir='ltr'><em>c.</em></span> <span class='ocrx_word' id='word_1_571' title='bbox 1325 2631 1368 2660; x_wconf 85' lang='grc'><strong>10,</strong></span> <span class='ocrx_word' id='word_1_572' title='bbox 1395 2629 1485 2656; x_wconf 70' lang='lat' dir='ltr'><strong>Codex</strong></span> <span class='ocrx_word' id='word_1_573' title='bbox 1508 2638 1640 2655; x_wconf 68' lang='lat' dir='ltr'><strong>canonum</strong></span> <span class='ocrx_word' id='word_1_574' title='bbox 1675 2630 1775 2662; x_wconf 77' lang='lat'><em>(1009)</em></span> <span class='ocrx_word' id='word_1_575' title='bbox 1806 2630 1834 2655; x_wconf 94' lang='lat' dir='ltr'><em>S.</em></span> <span class='ocrx_word' id='word_1_576' title='bbox 1855 2631 1920 2660; x_wconf 70' lang='grc'><strong>340;</strong></span> <span class='ocrx_word' id='word_1_577' title='bbox 1950 2630 2102 2655; x_wconf 67' lang='lat' dir='ltr'><strong>Hiozschius</strong></span> 
     </span>
     <span class='ocr_line' id='line_1_50' title="bbox 462 2671 2103 2706; baseline 0.002 -10"><span class='ocrx_word' id='word_1_578' title='bbox 462 2671 581 2703; x_wconf 43' lang='lat'><strong>8052&amp;</strong></span> <span class='ocrx_word' id='word_1_579' title='bbox 606 2672 656 2696; x_wconf 77' lang='lat' dir='ltr'><strong>c.3</strong></span> <span class='ocrx_word' id='word_1_580' title='bbox 683 2672 776 2704; x_wconf 77' lang='lat' dir='ltr'><em>(.l.-K.</em></span> <span class='ocrx_word' id='word_1_581' title='bbox 802 2672 880 2704; x_wconf 63' lang='lat'><em>236).</em></span> <span class='ocrx_word' id='word_1_582' title='bbox 975 2674 1002 2703; x_wconf 87' lang='grc'><strong>5)</strong></span> <span class='ocrx_word' id='word_1_583' title='bbox 1026 2673 1101 2698; x_wconf 62' lang='lat' dir='ltr'><em>Dum.</em></span> <span class='ocrx_word' id='word_1_584' title='bbox 1130 2674 1253 2706; x_wconf 74' lang='lat' dir='ltr'><strong>Bonijac.</strong></span> <span class='ocrx_word' id='word_1_585' title='bbox 1278 2675 1302 2700; x_wconf 87' lang='lat' dir='ltr'><em>J.</em></span> <span class='ocrx_word' id='word_1_586' title='bbox 1327 2683 1347 2699; x_wconf 84' lang='lat' dir='ltr'><em>c.</em></span> <span class='ocrx_word' id='word_1_587' title='bbox 1362 2674 1387 2704; x_wconf 80' lang='lat'><strong>3,</strong></span> <span class='ocrx_word' id='word_1_588' title='bbox 1418 2673 1508 2699; x_wconf 74' lang='lat' dir='ltr'><strong>Codex</strong></span> <span class='ocrx_word' id='word_1_589' title='bbox 1533 2682 1665 2699; x_wconf 71' lang='lat' dir='ltr'><strong>canonum</strong></span> <span class='ocrx_word' id='word_1_590' title='bbox 1694 2674 1794 2706; x_wconf 73' lang='lat'><em>(1609)</em></span> <span class='ocrx_word' id='word_1_591' title='bbox 1820 2675 1847 2699; x_wconf 92' lang='lat' dir='ltr'><em>S.</em></span> <span class='ocrx_word' id='word_1_592' title='bbox 1863 2675 1928 2704; x_wconf 81' lang='lat'><em>400‚·</em></span> <span class='ocrx_word' id='word_1_593' title='bbox 1951 2674 2103 2700; x_wconf 71' lang='lat' dir='ltr'><strong>Hinschius</strong></span> 
     </span>
     <span class='ocr_line' id='line_1_51' title="bbox 462 2716 2103 2751; baseline 0.002 -11"><span class='ocrx_word' id='word_1_594' title='bbox 462 2717 490 2740; x_wconf 84' lang='lat' dir='ltr'><em>S.</em></span> <span class='ocrx_word' id='word_1_595' title='bbox 504 2716 555 2740; x_wconf 70' lang='lat'><strong>5:55</strong></span> <span class='ocrx_word' id='word_1_596' title='bbox 582 2716 676 2747; x_wconf 55' lang='grc' dir='ltr'><strong>(ιλ-Κ.</strong></span> <span class='ocrx_word' id='word_1_597' title='bbox 695 2716 772 2748; x_wconf 73' lang='grc'><strong>349).</strong></span> <span class='ocrx_word' id='word_1_598' title='bbox 886 2718 913 2748; x_wconf 78' lang='lat'><strong>6)</strong></span> <span class='ocrx_word' id='word_1_599' title='bbox 931 2717 1006 2741; x_wconf 61' lang='lat' dir='ltr'><strong>Ister.</strong></span> <span class='ocrx_word' id='word_1_600' title='bbox 1028 2717 1150 2749; x_wconf 75' lang='lat' dir='ltr'><strong>Bonisac.</strong></span> <span class='ocrx_word' id='word_1_601' title='bbox 1171 2718 1193 2743; x_wconf 94' lang='lat' dir='ltr'><em>I.</em></span> <span class='ocrx_word' id='word_1_602' title='bbox 1218 2727 1239 2744; x_wconf 82' lang='lat' dir='ltr'><em>c.</em></span> <span class='ocrx_word' id='word_1_603' title='bbox 1254 2719 1278 2747; x_wconf 70' lang='lat'><strong>4,</strong></span> <span class='ocrx_word' id='word_1_604' title='bbox 1303 2718 1393 2744; x_wconf 80' lang='lat' dir='ltr'><strong>Codex</strong></span> <span class='ocrx_word' id='word_1_605' title='bbox 1415 2726 1550 2744; x_wconf 75' lang='lat' dir='ltr'><strong>canonum</strong></span> <span class='ocrx_word' id='word_1_606' title='bbox 1576 2718 1677 2751; x_wconf 82' lang='lat'><em>(1609)</em></span> <span class='ocrx_word' id='word_1_607' title='bbox 1700 2719 1728 2743; x_wconf 81' lang='lat' dir='ltr'><em>S.</em></span> <span class='ocrx_word' id='word_1_608' title='bbox 1743 2719 1808 2748; x_wconf 49' lang='lat'><strong>402&amp;-</strong></span> <span class='ocrx_word' id='word_1_609' title='bbox 1837 2718 1988 2744; x_wconf 71' lang='lat' dir='ltr'><strong>Hinschz&#39;ns</strong></span> <span class='ocrx_word' id='word_1_610' title='bbox 2009 2718 2036 2743; x_wconf 85' lang='lat' dir='ltr'><em>S.</em></span> <span class='ocrx_word' id='word_1_611' title='bbox 2051 2718 2103 2743; x_wconf 78' lang='lat'><strong>556</strong></span> 
     </span>
     <span class='ocr_line' id='line_1_52' title="bbox 465 2760 2101 2795; baseline 0.002 -11"><span class='ocrx_word' id='word_1_612' title='bbox 465 2760 559 2791; x_wconf 84' lang='lat' dir='ltr'><em>(.J.-K.</em></span> <span class='ocrx_word' id='word_1_613' title='bbox 583 2760 660 2792; x_wconf 64' lang='lat'><em>363).</em></span> <span class='ocrx_word' id='word_1_614' title='bbox 774 2762 800 2791; x_wconf 78' lang='lat'><strong>7)</strong></span> <span class='ocrx_word' id='word_1_615' title='bbox 822 2761 890 2787; x_wconf 60' lang='grc'><strong>(1.6.</strong></span> <span class='ocrx_word' id='word_1_616' title='bbox 913 2760 1002 2786; x_wconf 57' lang='lat' dir='ltr'><strong>Cader-</strong></span> <span class='ocrx_word' id='word_1_617' title='bbox 1022 2770 1154 2787; x_wconf 62' lang='lat' dir='ltr'><strong>eammum</strong></span> <span class='ocrx_word' id='word_1_618' title='bbox 1186 2763 1287 2795; x_wconf 75' lang='lat'><em>(1609)</em></span> <span class='ocrx_word' id='word_1_619' title='bbox 1317 2762 1345 2787; x_wconf 88' lang='lat' dir='ltr'><em>S.</em></span> <span class='ocrx_word' id='word_1_620' title='bbox 1360 2763 1390 2792; x_wconf 77' lang='grc'><strong>4,·</strong></span> <span class='ocrx_word' id='word_1_621' title='bbox 1418 2761 1569 2787; x_wconf 73' lang='lat' dir='ltr'><strong>Hinschius</strong></span> <span class='ocrx_word' id='word_1_622' title='bbox 1585 2762 1613 2787; x_wconf 81' lang='lat' dir='ltr'><em>S.</em></span> <span class='ocrx_word' id='word_1_623' title='bbox 1627 2763 1688 2787; x_wconf 63' lang='lat'><em>258.</em></span> <span class='ocrx_word' id='word_1_624' title='bbox 1805 2766 1831 2794; x_wconf 70' lang='lat' dir='ltr'><strong>S)</strong></span> <span class='ocrx_word' id='word_1_625' title='bbox 1852 2763 1906 2795; x_wconf 63' lang='lat' dir='ltr'><strong>Fyl,</strong></span> <span class='ocrx_word' id='word_1_626' title='bbox 1932 2763 2031 2788; x_wconf 68' lang='lat' dir='ltr'><strong>Konzil</strong></span> <span class='ocrx_word' id='word_1_627' title='bbox 2054 2772 2101 2788; x_wconf 75' lang='lat' dir='ltr'><strong>von</strong></span> 
     </span>
    </p>
   </div>
   <div class='ocr_carea' id='block_1_9' title="bbox 462 2804 1516 2837">
    <p class='ocr_par' dir='ltr' id='par_1_11' title="bbox 462 2804 1516 2837">
     <span class='ocr_line' id='line_1_53' title="bbox 462 2804 1516 2837; baseline 0.002 -8"><span class='ocrx_word' id='word_1_628' title='bbox 462 2804 606 2829; x_wconf 69' lang='lat' dir='ltr'><strong>Antiochia</strong></span> <span class='ocrx_word' id='word_1_629' title='bbox 630 2813 649 2828; x_wconf 68' lang='lat' dir='ltr'><strong>r.</strong></span> <span class='ocrx_word' id='word_1_630' title='bbox 664 2804 707 2831; x_wconf 62' lang='lat'><strong>20,</strong></span> <span class='ocrx_word' id='word_1_631' title='bbox 731 2804 821 2829; x_wconf 56' lang='lat' dir='ltr'><strong>Codex</strong></span> <span class='ocrx_word' id='word_1_632' title='bbox 843 2813 975 2829; x_wconf 60' lang='lat' dir='ltr'><strong>sanonum</strong></span> <span class='ocrx_word' id='word_1_633' title='bbox 1003 2806 1103 2837; x_wconf 69' lang='lat'><em>(1609)</em></span> <span class='ocrx_word' id='word_1_634' title='bbox 1128 2806 1155 2830; x_wconf 78' lang='lat' dir='ltr'><em>S.</em></span> <span class='ocrx_word' id='word_1_635' title='bbox 1170 2807 1217 2835; x_wconf 63' lang='lat' dir='ltr'><strong>(m,-</strong></span> <span class='ocrx_word' id='word_1_636' title='bbox 1241 2807 1392 2831; x_wconf 69' lang='lat' dir='ltr'><strong>Hiazschius</strong></span> <span class='ocrx_word' id='word_1_637' title='bbox 1414 2806 1442 2831; x_wconf 86' lang='lat' dir='ltr'><em>S.</em></span> <span class='ocrx_word' id='word_1_638' title='bbox 1456 2806 1516 2831; x_wconf 72' lang='grc'><em>272.</em></span> 
     </span>
    </p>
   </div>
   <div class='ocr_carea' id='block_1_10' title="bbox 2124 1319 2153 1339">
    <p class='ocr_par' dir='ltr' id='par_1_12' title="bbox 2124 1319 2153 1339">
     <span class='ocr_line' id='line_1_54' title="bbox 2124 1319 2153 1339; baseline 0.034 -1"><span class='ocrx_word' id='word_1_639' title='bbox 2124 1319 2153 1339; x_wconf 80' lang='grc'><strong>20</strong></span> 
     </span>
    </p>
   </div>
   <div class='ocr_carea' id='block_1_11' title="bbox 2123 1584 2150 1604">
    <p class='ocr_par' dir='ltr' id='par_1_13' title="bbox 2123 1584 2150 1604">
     <span class='ocr_line' id='line_1_55' title="bbox 2123 1584 2150 1604; baseline 0 0"><span class='ocrx_word' id='word_1_640' title='bbox 2123 1584 2150 1604; x_wconf 75' lang='lat'><strong>2⁵</strong></span> 
     </span>
    </p>
   </div>
   <div class='ocr_carea' id='block_1_12' title="bbox 2123 1849 2151 1869">
    <p class='ocr_par' dir='ltr' id='par_1_14' title="bbox 2123 1849 2151 1869">
     <span class='ocr_line' id='line_1_56' title="bbox 2123 1849 2151 1869; baseline 0 0"><span class='ocrx_word' id='word_1_641' title='bbox 2123 1849 2151 1869; x_wconf 90' lang='grc'><strong>30</strong></span> 
     </span>
    </p>
   </div>
   <div class='ocr_carea' id='block_1_13' title="bbox 2125 2114 2153 2135">
    <p class='ocr_par' dir='ltr' id='par_1_15' title="bbox 2125 2114 2153 2135">
     <span class='ocr_line' id='line_1_57' title="bbox 2125 2114 2153 2135; baseline -0.036 0"><span class='ocrx_word' id='word_1_642' title='bbox 2125 2114 2153 2135; x_wconf 82' lang='grc'><strong>85</strong></span> 
     </span>
    </p>
   </div>
   <div class='ocr_carea' id='block_1_14' title="bbox 2125 2423 2152 2443">
    <p class='ocr_par' dir='ltr' id='par_1_16' title="bbox 2125 2423 2152 2443">
     <span class='ocr_line' id='line_1_58' title="bbox 2125 2423 2152 2443; baseline 0 0"><span class='ocrx_word' id='word_1_643' title='bbox 2125 2423 2152 2443; x_wconf 72' lang='lat'><strong>40</strong></span> 
     </span>
    </p>
   </div>
   <div class='ocr_carea' id='block_1_15' title="bbox 2127 2679 2198 2698">
    <p class='ocr_par' dir='ltr' id='par_1_17' title="bbox 2127 2679 2198 2698">
     <span class='ocr_line' id='line_1_59' title="bbox 2127 2679 2198 2698; baseline -0.014 0"><span class='ocrx_word' id='word_1_644' title='bbox 2127 2679 2198 2698; x_wconf 76' lang='lat'><strong>45.</strong></span> 
     </span>
    </p>
   </div>
   <div class='ocr_carea' id='block_1_16' title="bbox 2175 0 2220 3192">
    <p class='ocr_par' dir='ltr' id='par_1_18' title="bbox 2175 0 2220 3192">
     <span class='ocr_line' id='line_1_60' title="bbox 2175 0 2220 3192; baseline 0 0"><span class='ocrx_word' id='word_1_645' title='bbox 2175 0 2220 3192; x_wconf 95' lang='lat' dir='ltr'><strong> </strong></span> 
     </span>
    </p>
   </div>
  </div>
 </body>
</html>
