2220 3192
68 789 95 809 10

64 1054 92 1075 15

67 1319 94 1339 20

64 1586 91 1606 25

65 1852 93 1873 30

67 2117 94 2139 ³6

68 2397 94 2416 40

69 2621 96 2641 45

690 213 877 239 HINKMAR
897 212 975 239 VON
996 212 1115 238 REIMS
1138 212 1196 238 136.
1725 209 1764 239 93

117 301 224 345 postlz
249 305 332 332 Unde
351 314 416 332 cum
434 306 554 332 societas
569 306 734 339 nuptiarum
751 306 793 332 ita
810 306 847 332 ab
863 306 945 332 initio
964 306 1120 332 constituta
1137 307 1202 336 sitss,
1220 308 1253 331 ut
1271 308 1382 339 praeter
1398 313 1519 331 sexuum
1536 304 1764 330 coniunctionem
1789 302 1863 332 860.

116 358 233 385 haberet
247 359 277 384 in
291 367 320 384 se
336 358 442 384 Christi
455 362 486 384 et
500 358 632 385 ecclesiae
648 362 868 389 sacramentum,
883 358 1003 385 dubium
1017 367 1075 384 non
1089 362 1133 385 est
1147 367 1211 384 eam
1227 358 1372 384 mulierem
1386 366 1444 384 non
1459 358 1599 392 pertinere
1614 357 1651 384 ad
1668 358 1763 384 matri-

117 412 254 442 monium,
271 412 301 437 in
321 420 378 445 qua
396 411 516 438 docetur
534 412 664 446 nuptiale
683 420 740 438 non
758 412 845 438 fuisse
865 412 1042 446 mysterium.
1061 408 1105 439 Et
1124 419 1182 440 nos
1201 418 1217 439 e
1235 407 1364 449 regione
1382 407 1457 439 hinc
1475 407 1578 439 etiam
1595 407 1763 439 ostendere

116 471 302 503 possumu5‚
324 461 402 502 quia
420 472 487 492 non
502 472 617 493 omnes
634 461 770 502 nuptiae
785 460 991 503 coniugalem
1005 460 1161 502 copulam
1177 461 1315 498 faciunt,
1331 471 1414 502 quas
1430 471 1496 492 non
1513 460 1660 501 sequitur
1675 471 1764 492 com-

119 514 235 546 mixtio
259 517 429 551 sexuumb,
454 514 540 545 sicut
556 525 614 545 neo
631 525 758 555 semper
774 513 862 545 illius
877 518 926 546 est
943 513 1029 545 filius
1045 514 1174 545 omnisc
1190 514 1291 551 heres,
1308 514 1402 545 ouius
1418 524 1485 545 esse
1502 513 1646 545 noscitur
1662 513 1763 545 heres.

115 567 181 598 Nec
199 569 318 596 habent
334 571 462 604 nuptiae
487 571 518 596 in
534 578 564 596 se
581 570 685 597 Christi
702 573 732 596 et
748 570 880 596 ecelesiae
897 573 1118 601 sacramentum,
1129 567 1214 598 sicut
1230 566 1346 598 beatus
1363 567 1568 608 Augustinus
1584 566 1693 603 dicit²‚
1713 567 1739 598 si
1750 570 1763 588 ‘¹

115 618 166 651 sed
180 618 373 661 nuptialiter
393 630 459 650 non
476 623 629 657 utuntur,
649 619 682 650 id
701 623 761 656 est,
783 620 809 651 si
828 630 881 650 eas
901 630 968 650 11011
987 619 1214 660 subsequiture
1235 624 1440 650 commixtio
1459 632 1588 650 sexuum.
1606 620 1672 651 Nee
1694 630 1763 661 per-

114 673 217 704 tinere
242 672 364 714 poterit
389 671 444 703 illa
472 672 588 704 mulier
616 672 657 703 ad
684 672 945 709 matrimonium,
977 683 1055 703 cum
1085 683 1150 713 qua
1181 673 1316 704 docetur
1348 684 1414 704 non
1447 673 1545 705 fuisse
1568 673 1763 704 commixtio

114 736 267 763 sexuum,
281 725 366 756 Sicut
379 728 502 754 dubium
514 736 572 754 non
585 732 629 754 est
642 737 705 754 eam
720 728 865 754 mulierem
878 737 935 754 non
950 729 1089 761 pertinere
1103 728 1140 754 ad
1154 729 1378 760 matrimonium,
1391 730 1421 755 in
1435 738 1491 763 qua
1503 729 1622 756 docetur
1635 730 1763 763 nuptiale

114 791 172 808 non
194 782 280 808 fuisse
304 782 483 816 mysterium.
515 778 608 815 Quod
631 778 678 809 ita
698 788 765 809 esse
786 778 954 819 praefatus
972 778 1036 808 Leo
1055 778 1261 809 demonstrat
1278 778 1424 809 dicens³z
1448 782 1531 808 Unde
1556 792 1620 809 eum
1643 784 1763 809 societas

115 836 281 870 nuptiarum
298 835 341 861 ita
359 834 396 861 ab
414 835 496 860 initio
515 835 674 861 constituta
691 835 739 865 sit,
757 836 791 860 ut
809 837 921 868 praeter
938 842 1058 860 sexuum
1076 834 1305 860 coniunctionem
1323 835 1440 861 haberet
1457 836 1486 861 in
1505 844 1533 861 se
1551 836 1655 862 Christi
1673 839 1703 862 et
1720 845 1762 862 ec-

115 889 213 915 elesiae
234 892 454 914 sacramentum.
476 884 520 915 Et
540 885 636 916 item¹
657 881 799 916 idemf43
830 887 930 921 Igitur,
952 884 1132 924 inquiensg.
1153 883 1211 924 qui
1232 888 1319 913 filiam
1340 896 1421 914 suam
1442 889 1503 914 viro
1523 888 1641 915 habenti
1662 897 1762 915 concu-

115 941 212 967 binam
228 942 259 967 in
277 941 493 967 matrimonium
510 941 630 972 dederit,
647 949 705 966 non
722 941 764 967 ita
782 940 978 974 accipiendum
995 943 1048 970 est,
1068 941 1149 973 quasi
1166 948 1229 966 eam
1248 941 1399 974 coniugato
1417 941 1535 972 dederit,
1555 943 1607 967 nisi
1624 942 1697 968 forte
1715 942 1763 968 illa

116 994 215 1021 mulier
228 997 258 1020 et
270 994 395 1028 ingenua
409 993 487 1020 faeta
500 997 531 1020 et
544 994 669 1028 legitime
683 993 786 1020 dotata
799 996 830 1019 et
844 993 964 1027 publicis
979 993 1087 1026 nuptiis
1102 993 1254 1019 honestata
1268 993 1409 1019 videatur.
1426 994 1549 1020 Paterno
1563 995 1681 1021 arbitrio
1696 996 1762 1021 Viris

114 1048 228 1074 iunctae
245 1052 343 1073 carent
361 1046 452 1081 culpa,
470 1048 493 1073 si
511 1047 650 1078 mulieres,
668 1055 740 1080 quae
757 1056 774 1073 a
790 1047 858 1072 viris
874 1046 1064 1076 habebantur,
1081 1047 1111 1071 in
1128 1046 1310 1072 matrimonio
1327 1055 1384 1072 non
1400 1047 1525 1072 fuerunt.
1551 1043 1676 1081 Quibus
1693 1055 1763 1076 sen-

113 1097 229 1129 tentiis
249 1097 416 1128 evidenter
437 1097 592 1135 ostendit,
614 1097 691 1138 quia
713 1102 794 1127 tunc
815 1100 864 1127 est
884 1106 960 1127 vera
983 1096 1120 1137 legitimi
1140 1096 1284 1136 coniugii
1303 1096 1434 1137 copula,
1455 1097 1586 1137 quando
1608 1097 1693 1128 inter
1714 1098 1762 1129 in-

114 1161 236 1192 genuos
255 1154 289 1182 et
308 1150 393 1181 inter
411 1150 581 1191 aequalesh
601 1149 640 1181 fit
659 1153 693 1181 et
711 1153 849 1191 paterno
868 1148 1004 1181 arbitrio
1017 1149 1087 1180 viro
1108 1148 1225 1181 mulier
1244 1149 1408 1190 ingenua¹,
1436 1149 1579 1190 legitime
1597 1151 1712 1181 dotata
1732 1155 1764 1181 et

115 1202 255 1246 publicis
277 1203 405 1245 nuptiis
425 1203 600 1235 honestata
622 1213 764 1234 sexuum
785 1202 1021 1235 commixtione
1044 1202 1284 1244 coniungitur&
1313 1202 1358 1234 Et
1379 1206 1460 1234 tuno
1482 1202 1605 1234 habent
1628 1203 1763 1244 nuptiae

113 1257 149 1289 in
170 1267 202 1288 se
225 1256 346 1288 Christi
366 1260 400 1288 et
420 1255 572 1288 ecelesiae
594 1259 840 1289 sacramentum
862 1260 896 1287 et
916 1259 998 1287 tunc
1020 1255 1182 1297 pertinere
1204 1255 1350 1287 noscitur
1373 1255 1489 1288 mulier
1509 1255 1565 1287 illa
1586 1256 1627 1288 ad
1651 1257 1763 1288 matri-

116 1310 278 1348 monium,
298 1310 334 1341 in
351 1320 418 1351 qua
438 1313 472 1341 et
492 1320 635 1341 sexuum
654 1309 848 1341 commixtio
869 1312 903 1341 et
924 1308 1073 1350 nuptiale
1092 1309 1228 1340 docetur
1249 1308 1346 1340 fuisse
1369 1310 1574 1349 mysterium.

202 1364 266 1395 De¹
284 1373 349 1404 quo
372 1363 526 1404 mysterio
542 1362 664 1395 Paulus
684 1361 854 1404 apostolus
872 1363 913 1394 ad
927 1362 1085 1404 Ephesios
1104 1362 1200 1394 dicit:
1221 1361 1305 1399 ‘Qui
1326 1372 1421 1393 suam
1442 1374 1579 1394 uxorem
1592 1362 1709 1404 diligit,
1731 1374 1763 1394 se
1780 1371 1869 1395 1311115,
1881 1371 1974 1391 28—3‘2.

112 1417 226 1458 ipsum
239 1416 356 1457 diligit.
371 1416 476 1448 Nemo
491 1416 582 1447 enim
598 1422 784 1457 umquamm
795 1422 952 1448 carnemm
965 1422 1085 1447 suamffl
1101 1416 1174 1447 odio
1189 1414 1316 1452 habuit,
1333 1416 1387 1446 sed
1404 1416 1511 1447 nutrit
1525 1420 1559 1447 et
1574 1416 1662 1447 fovet
1677 1427 1761 1453 eam,

115 1470 199 1502 sicut
214 1473 247 1501 et
266 1470 414 1502 Christus
428 1469 610 1506 ecclesiam,
626 1470 704 1510 quia
722 1469 868 1501 membra
883 1480 999 1501 sumus
1013 1469 1157 1510 corporis
1171 1469 1252 1506 eius,
1267 1469 1307 1500 de
1322 1479 1417 1500 carne
1433 1469 1502 1500 eius
1517 1473 1549 1500 et
1565 1470 1622 1500 (1611
1637 1469 1763 1500 ossibus

115 1523 194 1555 eius.
217 1523 355 1565 Propter
374 1523 435 1555 hcc
457 1522 619 1564 relinquet
638 1522 736 1554 homo
758 1526 888 1564 patrem
908 1526 941 1554 et
964 1526 1105 1554 matrem
1125 1533 1221 1553 suam
1240 1526 1273 1553 et
1293 1522 1480 1554 adhaerebit
1502 1523 1595 1553 uxori
1617 1533 1709 1559 suae;
1730 1526 1763 1553 et

114 1580 211 1608 erunt
228 1576 293 1608 duo
312 1577 347 1607 in
364 1587 461 1608 carne
480 1587 556 1607 una.
576 1575 830 1608 Sacramentum
847 1576 906 1607 hoc
926 1586 1085 1617 maguum
1102 1579 1167 1607 est:
1185 1586 1242 1617 ego
1260 1579 1375 1606 autem
1391 1576 1462 1606 dico
1482 1576 1514 1606 in
1534 1575 1659 1606 Christo
1678 1579 1711 1606 et
1729 1576 1763 1606 in

114 1628 269 1662 ecclesia’.
295 1629 381 1661 Hinc
405 1632 540 1661 sanctus
560 1628 774 1661 Ambrosius⁵
798 1633 924 1666 mysterii
946 1635 1157 1658 sacramentum
1180 1631 1286 1665 grande
1308 1632 1336 1657 in
1359 1632 1470 1657 unitate
1494 1632 1547 1658 viri
1569 1635 1620 1657 ae⁰
1643 1632 1762 1657 feminae

114 1694 173 1712 esse
189 1685 338 1719 significat.
355 1686 413 1712 Nec
429 1686 482 1712 hoc
496 1686 634 1714 tantum
649 1686 774 1720 proditu,
789 1685 839 1712 sed
854 1686 940 1712 aliam
955 1694 1079 1715 causam,
1097 1693 1168 1719 quae
1183 1694 1240 1711 non
1256 1684 1398 1711 discordet
1413 1694 1430 1711 a
1446 1688 1602 1711 memorato
1620 1686 1764 1718 mysterio,

115 1739 236 1772 flagitat,
258 1747 345 1773 quam
364 1740 418 1766 scit
438 1739 474 1765 ad
496 1739 655 1773 profectum
676 1739 793 1765 humani
813 1740 921 1772 generis
942 1739 1091 1772 pertinere,
1113 1739 1165 1765 hoc
1185 1742 1228 1764 est
1247 1738 1379 1764 ccclesiae
1399 1742 1429 1764 et
1448 1738 1608 1769 salvatoris,
1629 1742 1670 1767 ut,
1691 1739 1764 1764 sieut

114 1792 218 1818 relictis
236 1792 403 1826 parentibus
420 1792 506 1819 homo
523 1793 605 1818 uxori
622 1801 689 1818 suae
707 1792 834 1823 adheret,
852 1793 893 1818 ita
910 1796 940 1818 et
957 1792 1055 1818 relicto
1072 1793 1149 1817 omni
1166 1800 1258 1818 errore
1275 1792 1392 1817 ecclesia
1409 1791 1545 1818 adhereat
1562 1796 1592 1816 et
1608 1791 1764 1817 subiciatur

115 1846 202 1880 capiti
218 1854 279 1876 suo,
298 1845 375 1880 quod
391 1849 435 1872 est
451 1845 590 1872 Christus.
614 1846 754 1877 Quoniam
772 1853 828 1871 una
845 1849 966 1871 naturas
984 1846 1012 1872 in
1030 1846 1091 1871 viro
1107 1849 1137 1871 et
1153 1845 1260 1871 femina
1276 1848 1329 1875 est,
1346 1845 1450 1871 idcirco
1468 1845 1511 1871 vir
1528 1845 1609 1878 quasi
1625 1853 1653 1869 se
1670 1845 1763 1878 ipsum

115 1899 172 1925 itar
195 1899 341 1925 mulierem
363 1899 478 1932 diligere
500 1903 706 1925 commonetur.
728 1895 880 1927 Naturali
901 1895 1029 1926 ratione
1052 1895 1168 1926 mulier
1190 1895 1296 1937 portio
1318 1895 1462 1936 corporis
1481 1894 1544 1925 viri
1566 1898 1626 1931 est,
1647 1905 1684 1925 ac
1708 1904 1763 1935 pei·

114 1949 173 1980 hoc
189 1949 240 1980 vir
256 1949 291 1980 in
310 1948 444 1981 muliere
461 1959 494 1980 se
510 1949 623 1991 ipsum
638 1948 759 1990 diligit3
783 1959 848 1990 quo
867 1948 963 1980 modo
981 1949 1007 1980 si
1024 1948 1219 1979 fornicetur*³
1235 1948 1269 1979 in
1287 1959 1318 1979 se
1336 1948 1447 1989 ipsum
1464 1951 1588 1989 peccat,
1605 1947 1682 1988 quia
1698 1947 1764 1978 duo

114 2002 149 2033 in
167 2012 265 2034 carne
286 2013 352 2033 una
373 2006 463 2033 sunt.
482 2002 557 2034 Non
577 2013 651 2044 ergo
672 2012 828 2043 personae
848 2001 1071 2033 substantiam
1089 2001 1255 2039 dividunt,
1284 2005 1322 2032 ut
1343 2011 1399 2042 per
1420 2012 1573 2042 personas
1593 2004 1764 2032 numerust

115 2054 174 2087 fiat
188 2060 338 2093 naturae,
354 2055 409 2087 sed
424 2059 505 2086 sunt
518 2056 551 2087 in
568 2055 697 2087 unitate
711 2059 860 2087 naturae.
874 2055 919 2086 Et
933 2059 1067 2087 sanctus
1078 2054 1286 2096 Augustinus
1299 2055 1333 2085 in
1349 2054 1473 2096 primou
1489 2053 1568 2085 libro
1582 2054 1622 2085 de
1637 2053 1764 2095 nuptiis

115 2111 148 2139 et
167 2108 434 2150 concupiscentia
454 2109 571 2140 dicit-⁶2
596 2111 687 2138 SaneV
708 2120 765 2138 non
786 2115 902 2138 tantum
922 2111 1114 2141 fecunditasw,
1131 2112 1210 2137 cuius
1225 2111 1334 2138 fructus
1355 2112 1384 2136 in
1405 2110 1481 2144 prole
1502 2115 1556 2141 est,
1577 2119 1628 2136 nec
1649 2113 1763 2136 tantum

116 2164 263 2199 pudicitia,
284 2166 366 2191 euius
391 2165 539 2191 vinculum
559 2165 628 2192 fides
648 2169 719 2196 estv‚
736 2174 836 2191 verum
855 2167 943 2191 etiam
964 2165 1109 2198 quoddam
1129 2171 1341 2191 sacramentum
1360 2165 1527 2197 nuptiarum
1547 2163 1764 2190 commendatur

116 2217 245 2244 fidelibus
264 2219 432 2252 coniugatis.
451 2218 526 2244 unde
545 2218 633 2245 dicitX
652 2218 810 2252 apostolus:
829 2215 911 2249 ‘Viri‚
931 2218 1038 2252 diligite
1057 2227 1158 2244 uxores
1178 2222 1296 2247 vestras,
1315 2218 1389 2244 sieut
1407 2220 1437 2243 et
1455 2217 1583 2243 Christus
1601 2216 1701 2242 dilexit
1718 2225 1760 2242 ec·
1778 2222 1836 2245 Enii.
1849 2222 1870 2245 5,
1882 2221 1917 2241 25.

200 2306 223 2333 a)
238 2308 248 2328 t
261 2304 306 2334 aul
321 2304 381 2328 Rus.
398 2304 428 2328 B.
500 2303 523 2335 b)
537 2304 569 2328 A.
586 2305 615 2328 R.
629 2312 676 2328 von
688 2305 747 2329 and.
761 2304 851 2328 Hand:
865 2305 1016 2327 commixtio
1029 2312 1137 2327 sexuum
1154 2304 1184 2327 B.
1252 2306 1274 2332 c)
1288 2308 1313 2327 et
1330 2303 1487 2334 hinznyesiiqt
1506 2303 1582 2327 Sirm.
1652 2301 1676 2331 d)
1694 2302 1764 2325 Fehlt

120 2348 150 2375 Β,
169 2348 204 2375 C:
222 2356 249 2372 se
267 2348 325 2379 fehlt
344 2349 378 2372 D.
466 2351 489 2378 e)
509 2350 626 2380 sequitur
645 2349 674 2373 C.
762 2347 780 2377 ¹)
800 2349 868 2372 idem
888 2349 951 2372 item
970 2348 999 2372 C.
1087 2351 1110 2377 ἕ)
1128 2348 1198 2372 Fehlt
1218 2348 1250 2372 D.
1343 2347 1367 2378 h)
1379 2347 1411 2371 A.
1425 2348 1454 2372 R.
1466 2347 1681 2371 vonamLHand:
1693 2346 1764 2370 Inter

117 2393 242 2423 ingenuos
260 2396 285 2416 et
306 2393 427 2424 aequales
448 2393 479 2417 Β.
576 2391 595 2423 1)
615 2394 704 2417 iuncta
722 2393 800 2417 Sirm.
916 2392 941 2422 k)
961 2392 1015 2423 Aul
1036 2393 1096 2416 Bas.
1119 2393 1148 2416 B.
1263 2391 1280 2421 ι)
1302 2393 1480 2423 De——nuptias
1501 2393 1592 2423 (mum
1607 2391 1635 2415 S.
1646 2392 1677 2416 95
1693 2391 1720 2414 Z.
1733 2391 1762 2419 9)

115 2437 272 2467 ausyelassen
289 2437 321 2461 D.
415 2440 447 2467 ¹¹1)
464 2445 539 2461 suam
564 2445 667 2461 carnem
684 2445 809 2468 umquam
833 2438 862 2461 C.
955 2440 979 2466 ῐ1)
996 2437 1065 2461 Fehlt
1082 2437 1110 2461 C.
1203 2439 1226 2466 0)
1243 2440 1269 2460 et
1286 2437 1314 2460 ζ’.
1409 2439 1432 2466 p)
1449 2436 1534 2467 perdit
1553 2436 1582 2460 O.
1666 2437 1690 2465 Q)
1711 2435 1763 2464 Ans

120 2481 179 2504 Ras.
201 2481 232 2505 B.
325 2484 346 2511 ¹¹)
365 2485 392 2506 et
411 2482 489 2506 Sirm.
584 2484 605 2512 S)
625 2482 766 2506 fornicator
785 2482 814 2506 C.
910 2481 928 2511 t)
948 2481 1064 2512 Duplum,
1091 2481 1136 2506 das
1161 2481 1293 2505 :weitemal
1318 2481 1400 2511 qetilqt
1421 2481 1451 2504 Β.
1556 2482 1581 2510 11)
1598 2479 1668 2504 Fehlt
1686 2479 1762 2503 Sirm.

118 2527 142 2554 V)
164 2526 303 2555 Umqestellt
320 2529 378 2551 statt
402 2528 456 2552 Nee
476 2530 583 2551 tantum
606 2541 635 2544 —
657 2541 686 2545 —
702 2526 766 2551 fides
781 2531 829 2555 est,
846 2535 908 2551 sane
927 2534 980 2550 non
998 2530 1104 2550 tantum
1127 2540 1155 2544 —
1177 2540 1207 2544 -—-
1225 2526 1296 2557 prole
1314 2529 1353 2550 est
1370 2525 1403 2550 C:
1430 2527 1496 2549 Saue
1509 2524 1653 2548 —ecclesia
1674 2525 1760 2554 (¹11⁷th

118 2569 145 2593 S.
158 2571 188 2595 94
205 2570 234 2593 Ζ.
246 2571 276 2599 4)
295 2578 337 2594 am
349 2570 444 2600 Schluli
463 2571 505 2595 des
517 2571 615 2595 Ganzen
636 2570 731 2601 (himer
747 2571 825 2597 Finit,
846 2571 890 2601 syl.
908 2573 981 2593 umen
1000 2570 1026 2593 S.
1040 2571 1087 2595 106
1104 2570 1132 2593 Z.
1146 2572 1176 2595 19
1188 2569 1243 2593 Ῐάν.
1257 2570 1285 2600 v)
1304 2569 1478 2600 nachqetrayen
1494 2569 1527 2592 D.
1613 2571 1640 2598 w)
1660 2568 1761 2591 soei-un-

118 2613 186 2637 ditas
204 2617 261 2638 stete
279 2615 310 2638 B.
400 2617 425 2644 X>
448 2610 604 2646 Uberqeschr.
615 2615 647 2638 D.

210 2677 235 2708 l)
252 2675 343 2701 Codex
357 2685 494 2702 canonum
510 2686 536 2701 α..
549 2685 574 2701 u.
587 2676 630 2706 O.,·
649 2676 802 2702 Hinschz'us
820 2676 848 2701 S.
863 2676 913 2701 617
933 2685 954 2701 c.
968 2676 984 2700 4
1000 2675 1096 2707 (J.-K.
1110 2675 1188 2708 544).
1284 2676 1311 2705 2)
1331 2675 1409 2700 Asuch
1426 2675 1484 2699 hier
1504 2675 1550 2699 wie
1569 2674 1607 2699 im
1623 2673 1760 2706 folgenden

118 2719 218 2745 scheint
249 2720 376 2746 vielmehr
400 2720 452 2746 Leo
479 2721 504 2746 I.
531 2724 670 2750 verwertet,
693 2721 742 2754 2³91.
767 2720 829 2746 oben
852 2720 883 2745 Z.
897 2720 947 2753 Iff.
977 2719 1056 2745 sozcie
1079 2723 1162 2745 umen.
1189 2719 1219 2744 Z.
1240 2719 1310 2752 Ioff.
1461 2719 1488 2750 3)
1511 2718 1566 2751 Vql,
1592 2718 1654 2743 oben
1682 2718 1715 2742 A.
1737 2717 1760 2741 1.

119 2764 146 2795 4)
169 2763 260 2789 Codex
282 2773 419 2790 canonum
444 2765 547 2798 (1609)
567 2766 595 2790 S.
610 2765 662 2791 456
678 2773 699 2791 c.
714 2765 760 2793 1&
786 2764 939 2790 Hivzschius
955 2764 983 2789 S.
998 2764 1050 2789 617
1066 2772 1087 2789 c.
1102 2764 1117 2788 l
1144 2764 1239 2796 (J.-K.
1254 2763 1332 2795 544).
1427 2764 1454 2794 5)
1472 2763 1619 2788 Comment.
1638 2762 1667 2786 in.
1684 2761 1760 2794 episc.

119 2807 153 2832 ad
171 2808 269 2841 Ephe-5.
284 2809 315 2836 Γ,
333 2809 375 2834 31.
394 2809 437 2837 32,
458 2809 552 2842 Miyne
571 2809 613 2837 17.
627 2809 687 2834 421.
783 2810 809 2840 6)
828 2809 852 2838 I,
866 2809 909 2834 11.
927 2808 1008 2841 Corp.
1024 2807 1135 2833 I'indob.
1155 2808 1198 2834 42.
1216 2808 1268 2832 ¹222
1281 2807 1292 2832 ’.
