2220 3192
448 230 505 257 ise
1013 222 1200 249 HINKMAR
1220 222 1299 249 von
1319 221 1439 248 REIMS
1462 224 1520 249 184.

346 322 420 352 866.
444 322 590 349 reservari
609 317 771 357 episcopo,
791 314 858 345 suis
875 323 1076 353 suorumque
1097 311 1210 342 usibus
1227 311 1402 352 arrogavit,
1421 311 1613 343 decernente
1632 310 1702 351 ipso
1720 308 1886 346 conciliol,
1908 312 1945 339 ut
1963 321 2020 343 cos,
2040 311 2088 345 qui

438 377 498 402 ausi
512 375 618 400 fuerint
631 375 696 406 post
708 371 910 397 diffinitionem
925 377 1044 403 magnae
1056 371 1087 394 et
1098 369 1266 394 universalis
1278 368 1362 394 huius
1373 368 1475 401 synodi
1489 369 1641 402 quicquam
1654 375 1689 392 ex
1702 367 1754 396 his,
1769 374 1841 399 quae
1853 368 1922 392 sunt
1934 365 2087 400 prohibita,

438 430 607 463 perpetrare,
628 425 754 451 decrevit
772 426 873 450 sancta
892 423 1018 456 synodus
1037 431 1055 449 a
1074 422 1191 456 proprio
1210 422 1372 448 huiusmodi
1390 422 1481 456 gradu
1500 421 1638 450 recedere,
1659 419 1692 447 et
1709 415 1912 447 Antiocheno
1930 415 2088 447 concilio²

438 479 477 509 de
496 479 669 513 dampnatis
689 478 797 511 aliquid
817 471 1103 514 praesumentibus
1123 475 1158 501 de
1180 475 1346 505 ministerio,
1371 475 1408 502 ut
1429 474 1595 500 nullomodo
1617 474 1702 499 liceat
1723 473 1767 498 eis
1789 481 1840 499 nec
1861 473 1891 498 in
1910 473 1966 499 alia
1980 473 2089 507 synodo

444 542 523 568 spem
549 531 738 558 restitutionis
763 530 874 556 habere.
899 525 944 557 Et
967 525 1008 556 ab
1032 525 1091 556 hac
1108 525 1375 566 praesumptione
1400 523 1548 565 synodali
1572 522 1782 559 auctoritate,
1813 522 1907 553 cuius
1931 522 2089 554 habemus
2115 528 2128 547 ⁵

300 598 353 618 Luc.
366 597 401 621 17,
411 597 432 616 3.
445 582 728 618 constitutionem,
754 582 925 611 revocatus
949 578 1082 610 iubente
1107 578 1264 609 Domino:
1292 576 1339 609 ‘Si
1368 577 1550 619 peccaverit
1578 577 1678 607 irater
1705 579 1796 613 tuus,
1824 575 1955 617 increpa
1982 575 2088 614 illum,

439 640 472 667 et
486 636 512 666 si
529 634 770 676 paenitentiam
785 633 897 674 egerit,
913 632 1044 663 dimitte
1060 631 1134 669 illi',
1151 642 1207 673 per
1221 631 1454 662 satisfactionis
1470 629 1640 661 libellum3
1656 629 1786 670 propria
1803 640 1904 660 manu
1919 629 2090 661 firmatum

439 689 578 730 recipere
601 687 883 723 communionem,
907 697 973 727 qua
996 684 1185 726 regulariter
1209 685 1390 716 secundum
1408 684 1547 716 Nicenos
1570 687 1604 714 et
1624 682 1875 714 Calcedonenses
1894 693 2034 714 canones
2052 694 2089 714 ac

438 743 565 773 decreta
592 740 712 772 Gelasii
736 740 845 771 fuerat
869 740 1030 781 privatus,
1056 739 1249 780 promeruit,
1275 738 1361 769 sicut
1385 738 1472 769 idem
1496 737 1564 778 ipse
1591 735 1730 773 libellus,
1754 736 1811 777 qui
1837 746 1913 777 prae
1939 736 2090 767 manibus

439 795 588 831 habetur,
607 793 761 825 ostendit.
781 794 822 824 In
840 804 905 835 quo
923 792 984 823 sub
1002 792 1211 824 iureiurando
1228 802 1285 832 per
1299 795 1449 822 sanctam
1464 790 1651 821 trinitatem
1667 789 1765 820 unius
1779 789 1912 820 deitatis
1927 790 2091 831 professus
2118 797 2145 817 10

438 853 487 879 est
518 859 550 878 se
582 857 769 888 numquam
800 850 833 878 et
863 857 1029 887 nusquam
1056 846 1099 876 ad
1127 845 1189 876 sibi
1218 845 1431 876 interdictam
1462 843 1767 885 praesumptionem
1795 846 1829 873 et
1858 843 1900 874 ad
1928 843 2092 883 graduum

438 900 733 933 ecclesiasticorum
747 899 1070 931 administrationem
1094 898 1231 929 ulterius
1249 898 1497 939 adspiraturum
1515 907 1619 938 neque
1637 896 1737 928 aliam
1753 895 1944 927 huiusmodi
1961 897 2091 928 temeri-

439 959 555 991 tatem,
574 965 640 996 qua
659 964 725 995 pax
739 952 891 984 ecclesiae
905 952 1015 984 valeat
1031 951 1215 993 perturbari
1234 955 1267 982 et
1281 951 1373 993 quies
1388 949 1597 982 sacerdotalis
1613 950 1717 991 possit
1732 949 1920 991 inquietari,
1935 950 2093 981 scienterss

439 1008 492 1040 vel
510 1007 649 1039 libenter
669 1006 825 1038 ulteriusa
846 1006 1050 1037 moliturum.

537 1061 643 1098 Quem
661 1059 809 1091 libellum
825 1070 937 1090 coram
954 1058 1114 1100 episcopis
1134 1057 1274 1089 Pardulo
1293 1056 1535 1093 Laudunensi4,
1556 1055 1741 1088 Guntberto
1758 1055 1967 1094 Ebrocensi⁵‚
1984 1058 2093 1089 Aenea
2119 1063 2146 1082 1⁵

441 1115 577 1146 Parisii⁶
597 1124 771 1154 coramque
792 1113 886 1154 rege⁷
905 1116 939 1143 et
957 1123 1060 1154 quam
1075 1111 1226 1153 plurimis
1245 1110 1317 1142 aliis
1338 1110 1430 1142 nobis
1450 1109 1613 1141 iudicibus
1633 1110 1700 1141 suis
1719 1120 1739 1140 a
1758 1110 1882 1150 synodo
1901 1111 2093 1142 constitutis

441 1168 598 1210 porrexit,
618 1167 811 1198 decernente
830 1166 927 1197 beato
949 1165 1132 1206 Gregorio&
1156 1169 1193 1195 ut
1213 1167 1412 1195 revertentes
1432 1174 1451 1194 a
1472 1164 1624 1194 scismate
1645 1163 1854 1194 iureiurando
1876 1164 2094 1205 profiteantur

440 1225 474 1252 et
493 1220 701 1252 subscribant
721 1232 754 1249 se
774 1231 931 1256 numquam
952 1223 987 1249 ad
1008 1223 1119 1252 scisma,
1139 1229 1204 1259 quo
1225 1218 1398 1253 redierant,
1419 1229 1597 1247 reversuros.
1617 1216 1661 1247 Et
1678 1217 1861 1248 secundum
1880 1217 2093 1249 traditionem

442 1275 558 1306 Leonis
582 1284 686 1315 papae
709 1272 880 1304 scribentis
902 1273 944 1304 ad
968 1272 1162 1303 Ianuarium
1184 1271 1413 1312 episcop11m⁹:
1441 1273 1664 1300 saluberrimum
1686 1276 1739 1304 est,
1762 1270 1882 1312 inquit,
1907 1277 1937 1300 et
1958 1275 2094 1308 spiritalis

443 1332 598 1358 medicinae
618 1331 744 1356 utilitate
763 1330 968 1363 plenissimum,
988 1332 1021 1355 ut·
1039 1330 1098 1354 sive
1118 1327 1284 1362 presbiterib
1303 1328 1362 1353 sive
1380 1328 1493 1353 diaconi
1511 1323 1563 1354 vel
1582 1327 1732 1353 cuiuslibet
1751 1327 1857 1353 ordinis
1877 1327 1978 1359 clerici,
1998 1329 2047 1362 qui
2065 1337 2094 1354 se
2119 1328 2146 1348 20
2214 1324 2220 1359 j

443 1387 583 1411 correctos
606 1384 695 1409 videri
714 1383 824 1413 volunt,
847 1383 925 1416 prius
947 1391 1072 1408 errorem
1095 1390 1186 1408 suum
1208 1381 1338 1407 damnari
1355 1391 1372 1407 a
1390 1389 1419 1406 se
1438 1382 1498 1406 sine
1521 1381 1709 1414 ambiguitate
1731 1380 1887 1412 fateantur,
1911 1383 1944 1407 ut
1966 1381 2095 1408 sensibus

443 1438 540 1472 pravis
555 1440 584 1462 et
600 1434 728 1464 dudum
744 1437 899 1470 peremptis
915 1435 993 1462 nulla
1008 1431 1197 1473 adspirandi
1213 1435 1336 1468 supersit
1351 1435 1460 1460 occasio
1477 1443 1528 1460 nec
1544 1434 1634 1460 ullum
1651 1434 1810 1460 membrum
1825 1430 1976 1462 ecclesiae
1993 1435 2095 1461 talium
2212 1431 2220 1458 ’ν

444 1492 533 1525 possit
553 1491 690 1517 societate
711 1489 821 1519 violari,
843 1498 907 1516 cum
928 1497 978 1523 per
997 1489 1094 1515 omnia
1114 1488 1168 1514 illis
1189 1488 1325 1522 professio
1347 1488 1460 1521 propria
1482 1488 1606 1521 coeperit
1626 1487 1756 1517 obviare;
1784 1487 1818 1514 et
1837 1484 1879 1515 ad
1900 1483 2095 1517 Flavianum

444 1539 851 1581 Constantinopolitanum
861 1539 1053 1580 episcopum
1067 1539 1105 1569 de
1120 1548 1252 1569 erroneo
1266 1537 1307 1568 ab
1322 1537 1537 1569 ecclesiastica
1551 1536 1723 1578 disciplina
1730 1537 1771 1568 ¹⁰:
1789 1539 1828 1572 Si,
1843 1537 1963 1578 inquit,
1974 1541 2096 1568 fideliter

443 1598 503 1625 aut
522 1597 631 1623 utiliter
648 1596 727 1622 dolet
745 1599 783 1626 et,
804 1604 890 1630 quam
909 1598 984 1622 recte
1004 1598 1082 1622 mota
1101 1595 1138 1621 sit
1156 1594 1324 1629 episcopalis
1343 1595 1508 1625 auctoritas,
1528 1594 1572 1619 vel
1592 1597 1668 1620 seroe
1689 1595 1833 1628 cognoscit
1851 1595 1897 1620 vel
1915 1595 1939 1620 si
1957 1594 1995 1621 ad
2013 1596 2095 1621 satis·
2121 1598 2148 1618 25
2210 1582 2220 1618 i

443 1651 577 1678 factionis
594 1650 802 1684 plenitudinem
819 1658 891 1683 quae
909 1649 945 1675 ab
961 1657 995 1674 eo
1013 1648 1085 1675 male
1102 1651 1169 1674 sunt
1185 1656 1266 1674 sensa
1284 1648 1351 1674 Viva
1369 1656 1437 1673 voce
1454 1650 1483 1673 et
1500 1648 1642 1681 praesenti
1659 1648 1866 1681 subscriptione
1883 1647 2095 1682 dampnaverit,

444 1713 502 1730 non
522 1705 577 1729 erit
597 1703 824 1737 reprehensibilis
844 1711 910 1736 erga
932 1705 1089 1728 correctum
1110 1701 1394 1735 quantulacumque
1417 1701 1570 1731 miseratio,
1593 1701 1660 1734 quia
1681 1700 1821 1727 Dominus
1842 1704 1938 1727 noster
1958 1710 2042 1728 verus
2062 1705 2096 1728 et

445 1759 536 1784 bonus
553 1760 660 1791 pastor,
675 1757 723 1790 qui
740 1757 866 1782 animam
883 1764 964 1782 suam
981 1756 1076 1789 posuit
1093 1763 1143 1788 pro
1159 1755 1262 1781 ovibus
1278 1755 1336 1780 suis
1349 1757 1379 1780 et
1396 1755 1444 1787 qui
1459 1755 1539 1780 venit
1555 1755 1666 1780 animas
1681 1754 1801 1785 salvare,
1818 1763 1876 1781 non
1892 1754 2016 1789 perdere,
2033 1756 2095 1781 imi-

445 1814 553 1838 tatores
572 1819 623 1836 nos
641 1819 709 1836 suae
728 1810 792 1835 vult
810 1818 870 1835 esse
890 1809 1016 1843 pietatis,
1036 1811 1069 1834 ut
1088 1811 1237 1842 peccantes
1256 1808 1367 1834 iustitia
1386 1810 1523 1835 coerceat.
1543 1816 1693 1834 conversos
1712 1810 1810 1834 autem
1829 1807 2021 1835 misericordia
2039 1817 2097 1835 non
2212 1836 2216 1848 Γ

445 1864 576 1899 repellam
597 1864 631 1891 et
650 1860 732 1891 item
752 1859 792 1890 ad
812 1858 1029 1890 Anatholium
1050 1857 1457 1899 Constantinopolitanum
1485 1857 1677 1898 episcopum
1703 1857 1742 1888 de
1761 1858 1872 1889 Attico
1901 1858 2095 1899 presbitero‘¹
2121 1864 2149 1884 3⁰
2209 1862 2218 1901 ἔ

445 1914 618 1955 scripsitll,
635 1919 668 1942 ut
687 1919 797 1942 remota
817 1916 895 1941 omni
915 1915 1095 1942 dubitatione
1109 1914 1325 1941 Calcedonensis
1344 1914 1446 1948 synodi
1466 1914 1667 1940 diffinitionem
1687 1914 1722 1940 de
1742 1914 1807 1945 fide,
1828 1923 1914 1948 quam
1934 1917 1964 1941 et
1983 1918 2095 1949 aposto·
2216 1908 2217 1911 ¹

446 1971 516 1997 licae
527 1971 600 1996 sedis
610 1970 736 1996 firmavit
747 1970 911 1999 auctoritas,
922 1968 1091 2003 profiteatur
1100 1977 1129 1994 se
1141 1977 1191 2002 per
1200 1968 1296 1994 omnia
1306 1970 1495 1999 servaturum,
1506 1968 1617 1994 adiecta
1627 1968 1833 2002 subscriptione
1845 1976 1945 1994 manus
1957 1970 2096 2002 propriae,

448 2033 520 2057 quae
541 2024 570 2049 in
589 2024 708 2049 ecclesia
728 2023 834 2057 populo
855 2025 1002 2056 praesente
1023 2023 1166 2048 recitetur.

544 2073 670 2110 Quibus
689 2076 821 2104 constat
839 2083 904 2109 eos,
924 2072 982 2113 qui
1001 2071 1042 2102 ab
1061 2071 1277 2104 ecclesiastica
1297 2070 1473 2101 traditione
1492 2070 1627 2100 deviant
1648 2081 1703 2111 per
1721 2074 1965 2111 contemptum,
1986 2070 2097 2102 taliter
2210 2107 2214 2118 4

448 2127 546 2167 recipi
563 2126 691 2163 debere3
715 2126 884 2167 quoniam,
909 2129 946 2156 ut
963 2124 1106 2166 Hylarus
1129 2124 1254 2160 dicit¹²‚
1278 2135 1334 2153 non
1358 2128 1451 2152 minus
1473 2127 1502 2152 in
1525 2129 1689 2153 sanctarum
1712 2128 1900 2153 traditionum
1923 2127 2099 2161 delinquitur
2123 2130 2150 2149 35
2206 2130 2216 2150 ⁴³

448 2184 619 2211 sanctiones,
639 2191 725 2216 quam
744 2183 773 2208 in
792 2183 925 2208 iniuriam
944 2183 1032 2216 ipsius
1051 2182 1167 2207 Domini
1186 2181 1338 2215 prosilitur.
1357 2177 1405 2207 De
1423 2176 1554 2218 quibus,
1574 2177 1601 2208 si
1619 2187 1638 2207 a
1657 2188 1716 2207 Sua
1736 2177 1933 2218 professione
1952 2177 2004 2209 vel
2022 2177 2097 2208 sub·
2212 2175 2213 2178 ¹

448 2234 623 2273 scriptione
645 2232 913 2269 exorbitaverint,
931 2231 1194 2272 Carthaginiense
1216 2231 1296 2262 dicit
1316 2229 1540 2261 concilium¹3z
1567 2232 1595 2259 Si
1618 2234 1689 2267 quis,
1709 2230 1872 2271 inquiens,
1896 2236 1996 2261 contra
2017 2242 2099 2261 suam

450 2290 651 2323 professionem
672 2289 716 2314 vel
737 2289 973 2322 subscriptionem
994 2289 1105 2314 venerit
1124 2289 1154 2314 in
1174 2288 1278 2321 aliquo,
1299 2288 1358 2321 ipse
1378 2295 1407 2312 se
1427 2287 1533 2313 honore
1554 2287 1687 2320 privabit.
1708 2283 1752 2314 Et
1771 2287 1906 2315 sanctus
1927 2283 2098 2324 Gregorius

449 2339 490 2369 ad
504 2339 688 2370 Maximum
704 2338 895 2379 episcopum
907 2337 1138 2377 Salonitanum
1153 2338 1192 2368 de
1201 2336 1363 2369 Andrea1⁴¹
1373 2337 1508 2368 diacono
1524 2336 1648 2371 dicit15,
1660 2336 1737 2377 quja
1753 2339 1874 2374 flagitari
1889 2341 2027 2367 iudicium
2042 2349 2099 2367 non

536 2448 559 2474 ³¹)
578 2446 688 2468 scienter
710 2459 739 2461 —
760 2445 866 2468 ulterius
885 2445 1062 2469 wulfferstricheu
1086 2445 1116 2468 Β.
1205 2443 1228 2473 b)
1246 2444 1398 2475 praesbiteri
1418 2444 1449 2467 B.
1534 2445 1557 2473 c)
1577 2443 1641 2467 Verb.
1660 2444 1691 2467 B.
1778 2442 1802 2473 d)
1820 2444 1979 2474 praesbitero
1999 2444 2030 2468 B.
2124 2446 2151 2465 40
2201 2436 2216 2479 lg

544 2516 568 2544 l)
589 2515 618 2540 C.
639 2515 681 2543 10,
701 2514 790 2540 Cocles
807 2523 942 2540 canonum
962 2514 1064 2547 (1609)
1083 2515 1111 2539 S.
1126 2515 1193 2544 1263·
1213 2514 1364 2540 Hinschz'us
1380 2514 1409 2539 S.
1423 2514 1483 2539 286.
1596 2514 1624 2545 2)
1645 2513 1674 2538 C.
1689 2513 1714 2540 4.
1733 2513 1823 2538 Cedens
1840 2522 1976 2539 canonum
1995 2514 2097 2546 (1609)

452 2559 481 2584 S.
495 2559 570 2590 57st
602 2559 754 2584 Hinschassns
782 2559 810 2584 S.
824 2559 884 2584 5370.
997 2559 1025 2590 3)
1046 2558 1128 2584 Nicm
1156 2559 1281 2584 erhalten.
1308 2558 1363 2591 Vqlr
1386 2557 1497 2584 Schro‘rs
1517 2557 1546 2583 S.
1560 2557 1621 2583 275.
1733 2559 1761 2589 4)
1780 2557 1835 2590 Vql.
1858 2557 1924 2583 oben
1944 2558 1973 2583 S.
1989 2558 2004 2583 7
2025 2558 2059 2583 A.
2072 2558 2097 2582 2.

454 2605 481 2635 5)
503 2603 655 2628 85028652.
681 2603 736 2635 Vql.
760 2603 909 2631 Ducheane,
937 2602 1033 2628 Fastes
1059 2603 1228 2636 episcopavit
1249 2603 1308 2632 112,
1330 2602 1391 2628 229.
1503 2603 1530 2634 6)
1551 2601 1581 2627 S.
1610 2601 1674 2626 oben
1702 2602 1730 2626 S.
1744 2602 1778 2627 67
1795 2602 1829 2628 Α.
1844 2602 1868 2627 4.
1981 2603 2008 2634 7)
2029 2602 2100 2627 Karl

453 2647 510 2672 dem
534 2647 650 2672 KahIcu.
764 2648 790 2678 8)
809 2647 863 2679 1'91.
879 2647 983 2679 (ἕτερον.
1000 2647 1024 2672 Ι.
1050 2647 1112 2679 Req.
1130 2647 1202 2675 XII.
1220 2648 1244 2675 7,
1266 2647 1330 2673 MG.
1347 2646 1435 2680 Epist.
1452 2646 1496 2676 II,
1513 2646 1574 2672 354.
1678 2646 1705 2678 9)
1726 2645 1817 2671 Oodeae
1833 2654 1969 2671 canonum
1995 2645 2097 2678 (1609)

454 2691 482 2716 S.
497 2692 563 2720 450;
581 2691 734 2716 Hfinschfisus
750 2691 778 2716 S.
792 2692 844 2716 615
864 2691 959 2723 (J.-K.
974 2691 1052 2723 416).
1178 2693 1221 2723 10)
1243 2691 1395 2717 Hinechius
1411 2690 1439 2716 S.
1453 2690 1506 2716 600
1522 2699 1542 2716 c.
1556 2690 1572 2715 6
1589 2689 1684 2722 (J.-K.
1698 2690 1776 2722 423).
1882 2691 1926 2722 11)
1947 2690 2099 2715 Hinschius
2124 2693 2150 2713 4⁵

453 2736 482 2761 S.
496 2735 549 2761 579
576 2735 672 2767 (J.-K.
686 2736 764 2767 540).
888 2736 931 2767 12)
955 2735 1033 2760 Thiel
1048 2735 1073 2765 l,
1090 2735 1142 2761 154
1163 2744 1184 2761 c.
1197 2736 1214 2761 2
1238 2736 1333 2768 (J.-K.
1347 2735 1426 2768 562).
1550 2734 1594 2766 13)
1615 2734 1644 2759 G.
1659 2734 1702 2764 13,
1724 2734 1815 2760 Codex
1835 2743 1971 2760 canonum
1996 2734 2097 2767 (1609)

454 2780 482 2805 S.
494 2780 560 2809 190;
574 2779 601 2804 H
604 2779 727 2804 inschins
737 2779 766 2804 S.
780 2779 840 2804 296.
931 2781 974 2811 14)
995 2779 1034 2804 Es
1049 2779 1170 2805 hamdene
1183 2780 1241 2805 sich
1254 2779 1379 2805 vielmchr
1391 2787 1437 2804 um
1450 2778 1499 2803 den
1509 2778 1693 2804 Archidiczlcon
1707 2778 1871 2804 Honoratus.
1968 2780 2013 2810 15)
2036 2778 2097 2810 ch.

456 2823 511 2851 IX,
527 2824 590 2853 234,
608 2824 671 2848 MG.
691 2823 777 2856 Epist.
795 2824 838 2851 ΙΙ,
855 2824 907 2848 230
925 2823 1017 2855 (J.-E.
1032 2823 1129 2856 1761).
