2220 3192
629 215 815 241 HINKMAR
835 215 913 242 VON
933 215 1053 241 REIMS
1075 215 1224 241 141—142.
1688 214 1748 243 115

105 307 219 332 iunctus
233 309 286 336 est,
301 314 358 331 non
372 305 490 331 habebit
505 306 605 336 vitam,
621 306 670 332 sed
684 307 725 333 ira
740 307 793 333 Dei
808 312 905 334 manet
919 316 1002 342 super
1016 316 1090 334 eum.
1105 304 1148 335 Et
1164 308 1290 342 quisquis
1303 308 1332 334 in
1348 307 1400 334 hac
1415 308 1532 334 ecclesia
1546 307 1616 334 bene
1631 308 1746 340 vixerit,
1770 306 1947 337 860—861.

106 359 176 385 nihil
189 358 215 384 ei
229 358 426 392 praeiudicant
440 358 532 384 aliena
547 362 673 391 peccata,
689 360 756 392 quia
768 356 985 394 ‘unusquisque'
1000 361 1030 386 in
1043 369 1077 387 ea
1090 357 1250 395 ‘proprium
1264 369 1335 387 onus
1350 358 1499 394 portabit’,
1513 362 1588 387 sicut
1601 361 1747 395 apost-olus
1766 366 1815 386 Gal.
1827 366 1850 392 6,
1859 366 1880 387 5.

107 412 184 438 dicit.
204 411 242 437 Et
258 407 454 444 ‘quicumque’
473 411 502 436 in
519 419 553 437 ea
570 419 671 445 corpus
688 411 792 438 Christi
808 409 1056 440 ‘manducaverit2²
1079 413 1202 447 indigne,
1219 413 1357 440 iudiciuin
1370 414 1425 440 sibi
1439 414 1594 440 manducat
1609 417 1639 440 et
1653 411 1746 440 bibit’.
1764 421 1782 439 1.
1794 419 1844 440 Cor.
1855 421 1891 444 11,
1902 419 1937 440 29.

106 465 177 491 Cum
197 461 286 492 enim
306 464 388 490 dicit:
405 459 561 490 ‘Iudicium
582 464 635 489 sibi
658 462 834 496 manducat'‚
855 467 924 492 satis
945 466 1080 497 ostendit,
1097 467 1163 500 quia
1182 475 1239 493 non
1260 467 1342 493 alteri
1362 467 1498 493 iudicium
1520 467 1684 498 manducat,
1699 467 1746 493 sed

67 525 80 545 5
106 517 169 548 sibi,
189 517 255 551 quia
273 517 435 543 communio
450 516 589 543 malorum
608 525 665 542 non
684 517 809 544 maculat
828 518 951 551 aliquem
970 519 1187 552 participatione
1206 522 1458 551 sacramentorum,
1477 520 1526 546 sed
1545 520 1748 547 oonsensioneb

106 571 256 597 factorum.
275 570 349 596 Nam
367 570 390 595 si
406 570 436 595 in
452 569 536 595 factis
555 569 635 595 malis
652 578 709 595 non
726 570 765 595 eis
784 571 901 603 quisque
919 572 1088 602 consentiat,
1106 575 1203 606 portat
1222 573 1312 598 malus
1329 581 1445 599 causam
1462 582 1543 599 suam
1559 573 1593 601 et
1610 581 1747 611 persona

106 631 163 652 sua
184 630 249 650 non
268 622 446 656 praeiudicat
464 622 555 653 alteri,
577 631 661 655 quem
680 623 708 648 in
729 623 925 649 consensiono⁰
945 624 1011 650 mali
1029 625 1121 658 operis
1140 625 1247 651 socium
1266 634 1323 651 non
1342 626 1430 652 habet
1449 626 1582 652 criminis.

198 672 286 704 Haec
303 673 337 703 in
353 672 556 713 praefatione
570 672 610 702 de
626 676 816 703 sanctorum
832 676 967 713 patrum
980 673 1087 704 verbis
1103 677 1135 704 et
1151 674 1299 705 sensibus
1315 675 1448 706 interim
1463 676 1550 706 dicta
1567 675 1746 708 sufficiant.

102 726 229 757 Abhinc
251 726 430 756 eorundem
451 724 675 762 nihilominus,
698 725 752 755 sed
773 728 807 755 et
826 725 1078 766 quamplurium
1097 726 1238 758 aliorum
1257 727 1495 760 catholicorum
1514 729 1748 760 assertionibus

54 790 80 809 10
100 779 143 810 ad
165 778 292 820 singula
316 779 460 820 pestiferi
483 777 663 810 Gotescalci
684 778 783 809 verba
806 777 952 809 loetifera
975 779 1165 820 respondere
1189 779 1380 820 singillatim
1403 782 1534 812 favente
1557 793 1622 813 una
1645 786 1677 813 et
1698 782 1747 813 in-

105 830 317 874 separabilisd
335 829 513 863 trinitatisd
530 831 652 862 deitate
673 831 892 872 incipiemus?

883 1026 973 1056 142*

186 1088 345 1119 Hinlcmar
371 1099 412 1118 an
438 1088 498 1118 den
522 1087 637 1126 Grasen
662 1087 778 1118 Gerard
804 1098 862 1118 von
886 1087 1003 1118 Vienne
1030 1087 1101 1118 tiber
1127 1087 1218 1118 einen
1238 1087 1492 1129 Eroberunqszuq
1519 1089 1624 1131 Ko'm'q
1651 1090 1747 1121 Karls

102 1141 153 1173 des
177 1141 302 1172 Kahlen
324 1141 404 1172 nach
425 1141 478 1172 der
504 1141 665 1171 Provence.
1391 1152 1445 1172 um
1465 1141 1592 1172 Oktober
1614 1142 1683 1174 861.

195 1211 307 1237 Schrc‘irs
330 1211 392 1244 Rey.
406 1212 466 1236 149.

52 1311 78 1331 15
185 1301 291 1342 Reqest
308 1299 396 1331 Flocl.
417 1300 500 1331 erssst.
524 1300 609 1331 Rem.
629 1300 698 1331 eccl,
720 1300 789 1331 III.
809 1299 851 1331 26
872 1299 964 1340 (MG.
985 1300 1042 1331 SS.
1065 1300 1169 1333 XIII.
1189 1300 1286 1340 540).·
1306 1300 1410 1331 Item1
1428 1311 1486 1342 pro
1506 1301 1565 1339 his,
1584 1312 1668 1343 quae
1687 1303 1747 1334 sibi

100 1354 218 1386 litteris
238 1354 325 1386 idem
349 1353 511 1385 Gerardus
534 1353 782 1395 significaverat,
806 1353 926 1384 scilicet
948 1354 1036 1394 quod
1059 1353 1200 1384 Karolus
1222 1353 1376 1385 Franciae
1398 1354 1473 1385 rex2
1494 1355 1626 1386 senioris
1647 1355 1748 1397 ipsius

102 1406 214 1439 Karoli
238 1407 419 1449 Cisalpinae
446 1406 568 1438 Galliae
592 1407 696 1447 regis³
718 1417 853 1448 regnum
876 1406 936 1437 sibi
960 1406 1058 1437 vellet
1082 1406 1257 1448 subripere,
1282 1407 1369 1447 quod
1392 1407 1460 1448 ipse
1484 1408 1622 1439 domnus
1647 1408 1747 1440 Hinc-

101 1471 210 1492 marus
230 1471 439 1502 nequaquam
460 1459 527 1491 fieri
549 1460 672 1491 asserit.
696 1460 745 1491 De
766 1459 862 1491 rebus
883 1470 1012 1501 quoque
1035 1460 1138 1491 sancti
1161 1459 1299 1500 Remigii
1320 1460 1353 1491 in
1374 1459 1544 1492 Provincia
1566 1461 1635 1492 sitis
1645 1461 1666 1495 ⁴,
1689 1473 1747 1503 pro

102 1514 220 1555 quibus
247 1514 396 1545 audierat
425 1514 582 1545 domnum
611 1513 826 1545 Hincmarum
853 1514 895 1544 ad
924 1524 1032 1554 regem
1060 1513 1286 1555 proclamasse,
1315 1513 1403 1554 quod
1432 1524 1465 1544 se
1492 1514 1622 1555 penitus
1650 1519 1748 1556 negat

51 1578 77 1598 20
101 1568 201 1608 egisse
222 1578 291 1605 nec,
313 1567 606 1608 quotienscumque
627 1577 755 1598 necesse
777 1566 849 1603 fuit,
872 1577 930 1608 pro
951 1567 1052 1608 ipsius
1074 1566 1169 1597 rebus
1190 1566 1232 1597 ad
1253 1566 1354 1597 alium
1375 1577 1475 1607 quam
1495 1567 1537 1597 ad
1558 1567 1664 1608 ipsum
1688 1567 1747 1599 Ge-

101 1621 234 1652 rardum
258 1624 290 1651 et
316 1620 357 1652 ad
382 1631 457 1651 suos
481 1619 591 1652 fideles
615 1620 689 1651 inde
714 1619 953 1661 suggestionem
978 1620 1140 1651 direxisse.
1168 1620 1216 1650 De
1241 1620 1301 1651 hoc
1327 1620 1437 1656 etiam,
1463 1620 1550 1660 quod
1575 1621 1748 1662 scripserat

99 1674 150 1705 hic
166 1684 274 1705 comes
290 1684 323 1704 se
338 1673 477 1710 audisse,
494 1673 583 1715 quod
599 1684 655 1704 rex
670 1673 732 1704 iste
744 1672 885 1704 Karolus
901 1673 1097 1704 monasteria
1108 1672 1121 1692 5
1136 1672 1234 1704 vellet
1251 1683 1416 1714 usurpare,
1434 1683 1517 1714 quae
1535 1672 1632 1705 beato
1648 1673 1747 1705 Petro

99 1726 247 1769 apostolo
268 1727 355 1758 idem
374 1726 536 1758 Gerardus
555 1727 747 1763 tradiderat,
770 1730 803 1757 et
823 1727 910 1767 quia,
933 1726 959 1758 si
979 1738 1029 1757 res
1049 1726 1159 1768 ipsius,
1180 1736 1263 1767 quae
1284 1726 1317 1757 in
1338 1726 1396 1757 hoc
1419 1737 1515 1767 regno
1531 1727 1748 1765 coniacerent,

101 1780 142 1812 ab
163 1791 200 1812 eo
222 1780 329 1811 forent
349 1779 491 1816 ablatae,
512 1780 591 1821 ipse,
613 1779 687 1811 licet
708 1780 842 1817 invitus,
874 1791 924 1811 res
944 1780 1040 1811 huius
1060 1779 1158 1820 regni,
1180 1790 1264 1820 quae
1284 1780 1317 1810 in
1338 1778 1391 1810 illo
1413 1778 1619 1811 habebantur
1639 1791 1747 1822 regno,

50 1844 77 1864 25
99 1836 310 1876 presumeret,
335 1833 509 1874 respondet
535 1833 674 1864 domnus
698 1831 816 1874 presul,
842 1832 919 1874 quia
944 1844 1002 1864 sua
1027 1832 1199 1863 voluntate
1224 1843 1319 1864 nemo
1344 1843 1394 1863 res
1419 1832 1569 1864 ecclesiae
1595 1833 1628 1864 in
1653 1844 1749 1865 suum

99 1886 279 1929 periculum
298 1890 481 1927 usurparet,
501 1886 615 1918 timere
636 1897 668 1917 se
688 1897 843 1923 asserens,
865 1897 905 1917 ne
924 1897 1035 1917 coram
1055 1886 1123 1917 Deo
1144 1886 1261 1926 dignus
1281 1884 1451 1922 habeatur,
1472 1890 1510 1916 ut
1530 1886 1589 1917 hoc
1611 1887 1644 1917 in
1666 1890 1746 1918 tem-

99 1951 176 1982 pore
191 1939 364 1971 sacerdotii
379 1939 428 1970 sui
442 1940 614 1971 commissa
629 1938 689 1971 sibi
705 1939 852 1980 patiatur
865 1939 1013 1976 ecclesia3
1033 1943 1274 1974 verumtamen,
1288 1939 1313 1969 si
1329 1938 1401 1979 quis
1419 1939 1660 1980 presumpserit,
1676 1939 1748 1980 plus

98 1993 145 2025 illi
163 1993 271 2025 dolere
290 2003 391 2033 quam
410 1992 481 2030 sibi,
501 1992 681 2035 periculum
700 1993 935 2034 presumptoris
955 2003 994 2023 ex
1014 1992 1132 2023 divinis
1152 1992 1300 2033 pandens
1318 1992 1571 2023 auctoritatibus
1578 2002 1586 2030 ;
1606 1993 1749 2024 adiciens

100 2057 229 2088 quoque
249 2047 289 2077 de
308 2056 356 2084 eo,
376 2046 465 2087 quod
484 2057 517 2077 se
536 2049 718 2083 monuerat,
739 2050 776 2076 ut
796 2046 878 2077 sacri
896 2056 995 2077 causa
1015 2045 1184 2076 ministerii
1203 2055 1311 2085 regem
1329 2056 1349 2076 a
1367 2044 1489 2076 talibus
1508 2049 1676 2077 revocaret
1695 2057 1747 2077 ex-

50 2110 77 2130 so
97 2099 250 2136 cessibus,
273 2099 350 2140 quia
372 2099 461 2140 prius
482 2099 515 2130 in
538 2098 622 2130 ilh'us
644 2099 856 2140 dispositione
879 2098 958 2130 talia
981 2109 1045 2129 non
1068 2102 1257 2139 perceperat
1279 2101 1312 2129 et
1335 2098 1374 2129 de
1397 2098 1490 2129 vanis
1512 2098 1748 2140 suspicionibus

100 2164 194 2184 suum
210 2163 275 2183 non
291 2155 361 2183 erat
378 2152 535 2183 seniorem
551 2153 720 2193 corripere,
738 2152 809 2183 ideo
826 2163 884 2183 nec
901 2152 976 2183 inde
993 2154 1179 2188 monueram
1196 2161 1282 2182 nune
1298 2154 1411 2182 autem
1426 2154 1551 2182 certam
1567 2155 1600 2182 et
1616 2162 1748 2183 causam

102 2205 224 2237 habens
243 2209 276 2237 et
294 2216 467 2246 personam
486 2205 597 2237 debita
617 2205 791 2237 devotione
810 2215 847 2236 ac
867 2204 1025 2236 fidelitate
1045 2203 1191 2235 studebit
1211 2204 1468 2235 dominationem
1487 2204 1588 2245 ipsius
1608 2215 1746 2236 monere.

183 2447 207 2474 ¹²)
229 2452 257 2468 ac
280 2445 374 2468 biberit
396 2446 547 2475 sanguinem
571 2445 730 2475 hinzuyesiiqt
750 2445 827 2468 Simu.
945 2442 969 2473 b)
989 2444 1091 2467 Zwez'tes
1110 2452 1127 2467 n
1146 2444 1190 2473 (rus
1213 2444 1274 2467 Ras.
1297 2443 1328 2467 B.
1451 2446 1473 2473 c)
1494 2444 1651 2467 confessione
1671 2443 1747 2467 Sirm.

101 2487 126 2517 d)
146 2489 311 2520 inseparabili
332 2489 474 2519 (trinitatis
493 2489 567 2520 fehlt)
587 2489 665 2513 Sirm.
752 2491 775 2517 θ)
793 2489 846 2518 Aul
865 2489 924 2511 Rus.
945 2488 975 2511 B.

50 2591 78 2612 85
194 2587 218 2617 l)
234 2585 290 2618 Vyl.
307 2585 372 2611 oben
386 2586 436 2611 Nr.
447 2586 499 2611 103
512 2586 540 2611 S.
551 2586 586 2611 50
602 2586 655 2611 und
669 2586 702 2611 A.
714 2586 738 2611 S.
756 2585 856 2610 Ferner
869 2584 981 2610 Schriirs
998 2584 1026 2609 S.
1040 2584 1092 2610 225
1110 2584 1167 2609 und
1184 2584 1212 2610 S.
1225 2585 1276 2610 571
1295 2585 1329 2610 A.
1342 2584 1390 2613 66,·
1408 2584 1550 2610 Dttmmler
1567 2584 1627 2614 II2,
1645 2584 1679 2609 30
1694 2583 1748 2608 und

101 2630 135 2655 A.
148 2631 178 2659 1,-
200 2630 318 2659 Pari-sot,
337 2630 373 2655 Le
392 2639 522 2663 royaume
539 2630 571 2655 de
589 2630 720 2655 Lorraine
739 2637 802 2655 sous
821 2629 858 2654 les
876 2628 1066 2661 Carolinyiens
1084 2628 1112 2654 S.
1127 2629 1179 2654 190
1198 2628 1254 2654 und
1273 2630 1307 2654 A.
1321 2629 1351 2658 3:
1373 2628 1544 2662 Poupardin,
1565 2628 1601 2653 Le
1618 2636 1747 2661 royanme

101 2673 131 2699 de
151 2674 283 2700 Provence
300 2683 364 2700 sous
381 2675 418 2700 les
435 2675 625 2707 Carolinyiens
642 2674 670 2699 S.
684 2674 756 2706 27s..·
775 2673 961 2702 Mthlbachen
981 2673 1125 2705 Reqesten2
1142 2681 1168 2698 η.
1183 2673 1284 2698 1333α.
1304 2688 1338 2691 -
1355 2673 1407 2698 Dic
1425 2673 1577 2705 Datierzmy
1593 2672 1674 2705 eryibl
1691 2671 1747 2697 sich

101 2727 152 2743 aas
170 2718 216 2744 der
233 2718 291 2744 Zeit
311 2727 361 2744 von
380 2719 465 2744 Karls
484 2719 529 2744 des
548 2719 657 2744 Kahlen
677 2718 784 2750 Einsall
803 2718 833 2742 in
852 2717 894 2742 die
916 2717 1049 2742 Provence
1072 2717 1307 2749 (walzrscheinlich
1325 2717 1436 2743 Oktober
1455 2717 1516 2745 861,
1537 2717 1586 2749 vyl.
1607 2716 1747 2742 Dfmemler

102 2762 161 2792 112,
179 2763 240 2795 29).
335 2763 362 2794 2)
382 2763 452 2788 Karl
468 2763 514 2788 der
532 2763 629 2788 Kahle.
724 2763 751 2793 3)
770 2762 840 2787 Karl
860 2770 908 2786 ron
925 2761 971 2786 der
990 2761 1123 2787 Provence
1145 2761 1330 2794 (855—863).
1443 2762 1470 2792 4)
1489 2761 1525 2786 In
1542 2760 1593 2786 den
1609 2759 1745 2792 Geyendeu

50 2812 77 2832 40
102 2815 151 2831 von
170 2807 272 2833 Vienna
297 2807 351 2831 und
374 2807 462 2837 Anah,
487 2807 534 2839 vql.
558 2807 670 2833 Sclzr6r3
691 2806 720 2832 S.
734 2806 786 2831 463
811 2805 865 2831 und
888 2806 921 2830 A.
936 2805 978 2830 36.
1073 2806 1101 2837 5)
1120 2805 1234 2839 Vezelay
1256 2805 1312 2831 ¹und
1337 2805 1503 2830 Pouthieres.

1482 2857 1532 2882 15*
