2272 3197
307 267 366 296 847
374 265 479 295 -850,

330 1699 350 1717 1..
362 1697 422 1717 Pena
433 1697 454 1719 5.
465 1697 484 1715 3.

313 2001 334 2020 2.
345 1999 395 2029 οᾳι.
407 2001 441 2023 11,
454 2001 489 2019 14.

294 2027 344 2050 Vgi.
351 2027 371 2046 1.
378 2026 428 2047 1⁰11.
435 2026 495 2049 ⁸,12.

292 2172 342 2196 vgi.
357 2171 413 2192 Gen.
427 2173 447 2195 2,
455 2173 488 2191 111.

499 168 534 196 12
1035 161 1220 188 ΗΙΝΚΜΑΗ
1242 159 1317 185 VON
1340 158 1459 183 RIMMS
1479 157 1594 183 35—37.

493 257 756 301 probrationibus
777 254 945 287 hominum
966 249 1188 292 insipientium
1209 247 1348 284 deflecti,
1370 245 1582 278 corroborans
1603 256 1678 276 eum
1699 245 1741 276 ad
1762 243 1992 276 rectitudinem
2014 243 2135 284 episco-

492 311 598 353 palem
621 309 804 341 divinarum
826 304 1021 338 testimoniis
1044 302 1288 343 scripturarum,
1319 302 1357 330 ut
1378 310 1436 341 per
1458 297 1665 330 auctoritatis
1688 296 1855 339 gradiatur
1878 296 1977 334 viam,
2001 299 2035 328 et
2057 295 2136 337 quid

493 364 522 396 ei
542 365 582 395 de
602 363 729 404 prefato
751 360 794 391 sit
813 358 975 400 agendum
994 356 1153 391 Liudone,
1174 352 1368 394 significans.

1281 538 1353 569 36.*

575 606 734 638 Hinkmar
755 615 797 635 (m
823 602 952 640 Bischof
976 601 1136 632 Parduzus
1158 611 1218 632 von
1241 600 1339 631 Laon.
1899 596 2075 628 847—850.

583 677 694 702 schram
719 676 778 707 Req.
793 675 835 699 210.
2167 672 2179 691 5

578 766 684 806 Reqcst
704 763 793 794 Flod.
818 763 903 793 Hist.
931 761 1017 792 Rem.
1041 761 1110 792 eccl.
1134 760 1205 793 III.
1229 760 1268 792 21
1294 758 1388 800 (MG.
1411 758 1471 790 SS.
1496 758 1601 794 XIII,
1624 757 1702 798 518)
1713 768 1722 788 :
1748 758 1832 788 Item
1854 767 1912 798 pro
1936 757 2051 788 eadem
2076 756 2139 787 rel.

1289 956 1340 986 37.

575 1021 702 1053 Vorrede
722 1021 739 1061 (
740 1032 759 1050 a
760 1021 790 1062 )‚
811 1019 930 1060 Sckluss
949 1018 1002 1060 (b)
1025 1018 1090 1049 und
1110 1017 1247 1057 Anhanq
1268 1016 1317 1057 (c)
1338 1016 1393 1048 der
1410 1020 1509 1047 ersten
1527 1014 1645 1054 Schrift
1663 1015 1840 1046 Hinkmars
1858 1023 1950 1055 qeqen
1968 1012 2143 1044 Gottsolmlk

494 1076 568 1106 u‘beo·
588 1074 639 1106 die
664 1072 927 1109 Prc‘islestination,
949 1082 994 1103 an
1014 1069 1066 1102 die
1086 1070 1269 1112 ‘simplices'⁴
1291 1069 1393 1101 semer
1414 1069 1552 1100 Dib'zese.
1902 1065 2080 1098 849—850.

587 1154 650 1180 Hs:
677 1153 785 1186 Leyden
816 1149 1141 1178 Universitdtsbibliothek
1161 1149 1212 1175 141
1239 1149 1390 1175 saw—64
1419 1148 1479 1182 (a),·
1507 1148 1650 1174 104—119
1680 1147 1710 1181 (b
1730 1146 1787 1173 und
1806 1147 1847 1180 0),
1875 1145 2043 1172 9.-10..]1ι.
2075 1145 2144 1179 (B),

496 1199 584 1225 kollat.
608 1198 707 1224 Perels.
2172 1194 2198 1214 10

586 1260 689 1286 Druck:
711 1259 834 1285 wilhelm
855 1258 1005 1288 szdlach,
1028 1257 1182 1291 Zeilsch‘rift
1205 1258 1251 1290 fiir
1271 1255 1538 1289 Kirchenyeschichte
1560 1255 1586 1281 X
1611 1254 1724 1288 (1889),
1746 1253 1890 1280 258—264
1913 1253 1972 1287 (α);
2002 1252 2145 1279 297—309

500 1306 529 1336 (b
543 1304 600 1330 und
613 1304 652 1338 c).

588 1367 699 1392 Schrim
720 1366 783 1399 Req.
805 1381 839 1384 γ

1301 1433 1319 1452 a
1324 1447 1330 1453 .

577 1492 786 1516 HINUMARUS
806 1491 963 1516 SANUTAE
982 1490 1207 1515 METROPOLIS
1227 1489 1440 1514 ECCLESIAssa
1458 1487 1637 1512 REMORUM
1656 1486 1847 1511 EPISCOPUS
1866 1486 1910 1510 ET
1929 1485 2072 1510 OMNIUM

499 1536 691 1562 SERVORUM
706 1535 835 1560 DOMINI
849 1535 1010 1560 EXIGUUS
1023 1535 1189 1560 FAMULUS
1202 1533 1365 1559 DILECTIS
1378 1532 1485 1557 FILIIS
1499 1531 1724 1557 SIMPLICIBUS
1737 1530 1849 1555 HUIUS
1864 1530 2021 1556 SANCTAE
2036 1530 2146 1558 SEDIS,
2174 1531 2200 1551 15

499 1581 557 1605 CUI
574 1580 737 1605 AUCTORE
752 1580 823 1604 DEO
840 1579 1020 1604 DESERVIO
1037 1579 1105 1604 SUB
1120 1579 1216 1604 CURA
1231 1577 1488 1603 PONTIFICATUS
1503 1576 1610 1601 BEATI
1626 1575 1772 1600 REMIGII
1788 1574 1901 1600 SUMM'I
1918 1574 1962 1599 ET
1979 1574 2147 1599 GLORIOSI

1077 1622 1359 1650 ARCHIEPISOOPL
1380 1619 1564 1647 ΞΑῙᾸΙΤΕΜ.2

592 1686 716 1717 Beatus
734 1685 852 1717 Petrus
875 1696 1026 1717 summus
1050 1688 1162 1727 pastor
1184 1683 1279 1715 ovilis
1301 1683 1458 1715 dominici
1480 1682 1577 1714 dicit:
1598 1681 1703 1719 ‘Quia
1725 1681 1930 1712 adversarius
1951 1684 2058 1712 vester
2080 1680 2148 1712 dia-

500 1739 594 1771 bolus
608 1739 693 1770 sicut
707 1738 754 1769 leo
769 1738 899 1779 rugiens
912 1738 1040 1776 circuit,
1054 1748 1214 1780 quaerens
1227 1748 1329 1778 quem
1342 1736 1498 1773 devoret’,
1514 1735 1637 1767 scilicet
1649 1735 1689 1766 de
1704 1734 1834 1766 unitate
1848 1732 1999 1766 ecclesiae
2011 1733 2149 1776 cupiens

501 1803 671 1823 erroneum
690 1791 871 1833 quemlibet
890 1792 1031 1829 reddere,
1052 1795 1091 1822 ut
1110 1802 1188 1822 eum
1206 1789 1317 1821 valeat
1336 1789 1465 1821 facilius
1484 1799 1597 1831 rapere
1616 1791 1650 1819 et
1676 1787 1852 1830 perditioni
1879 1798 1957 1818 suae
1983 1786 2149 1828 nequitiae
2175 1799 2202 1819 20

500 1845 629 1882 sotiare,
645 1848 679 1876 et
692 1847 811 1886 quemn
826 1855 884 1875 sua
899 1843 1027 1876 occulta
1044 1844 1252 1886 persuasione
1269 1854 1335 1874 non
1351 1846 1462 1884 potest
1476 1842 1624 1884 decipere
1639 1845 1673 1873 et
1687 1841 1722 1872 in
1738 1851 1797 1872 sua
1813 1851 1846 1872 se
1862 1843 1981 1872 natura
1995 1840 2149 1872 humanis

501 1898 626 1929 visibus
647 1908 711 1928 non
732 1898 832 1928 audet
851 1897 1031 1934 ostendere,
1052 1897 1129 1938 quia
1150 1897 1222 1934 scit,
1243 1896 1403 1938 quoniam
1423 1905 1538 1927 omnes
1557 1905 1636 1927 eum
1655 1894 1881 1926 debuissemus
1901 1893 2057 1934 refugere,
2079 1904 2148 1934 per-

501 1950 670 1982 timescere
692 1954 726 1981 et
747 1950 951 1982 abhominari
974 1954 1009 1981 et
1030 1961 1108 1982 cum
1129 1950 1255 1981 virtute
1279 1948 1395 1990 signali
1417 1948 1522 1980 crucis
1545 1952 1579 1979 et
1601 1946 1819 1979 invocationis
1842 1946 1962 1979 Christi
1985 1945 2148 1988 repellere,

504 2003 729 2044 ‘transfigurat
747 2014 779 2034 se
797 2003 831 2034 in
848 2003 1003 2043 angelum
1020 2002 1112 2034 lucis'
1131 2007 1166 2034 et
1181 2002 1312 2044 quaerit
1328 2013 1448 2043 organa
1466 2005 1501 2033 et
1516 2012 1595 2033 vasa
1614 2012 1673 2032 sua
1691 2011 1748 2043 per
1768 1999 1910 2041 maligna
1927 2010 2026 2041 opera
2044 2003 2077 2030 et
2093 2010 2149 2030 vo-

503 2056 632 2088 luntate
651 2056 781 2098 propria
799 2056 860 2087 sibi
878 2056 1009 2087 subdita
1026 2067 1063 2088 ac
1082 2056 1175 2088 nobis
1194 2067 1250 2099 per
1269 2059 1426 2088 naturam
1441 2058 1594 2096 cognata,
1615 2054 1701 2085 unde
1718 2053 1788 2095 ipse
1805 2052 1942 2094 loquens
1958 2056 2059 2094 atque
2077 2063 2150 2084 sua·
2177 2065 2204 2085 25

503 2110 583 2140 dens
598 2112 632 2140 et
647 2108 798 2150 exempla
815 2109 1006 2150 perditionis
1022 2109 1203 2151 propinans
1219 2120 1278 2140 nos
1292 2108 1402 2140 valeat
1418 2108 1561 2150 perdere.
1578 2107 1630 2139 Sic
1645 2107 1736 2139 enim
1751 2106 1910 2148 primum,
1926 2106 2058 2147 quando
2074 2116 2149 2137 con-

503 2162 593 2194 ditus
606 2165 655 2192 est
668 2162 764 2193 homo
778 2165 812 2192 et
825 2162 859 2192 in
873 2162 1025 2203 paradysi
1037 2162 1239 2194 amoenitate
1250 2161 1388 2204 positus,
1398 2161 1535 2202 coniuge
1549 2160 1611 2192 sibi
1624 2161 1659 2192 in
1671 2159 1834 2192 adiutorio
1847 2160 1937 2196 data,
1950 2159 2036 2190 unde
2048 2168 2150 2199 genus

503 2215 690 2246 humanum
708 2214 792 2245 felici
810 2215 1031 2256 procreatione
1048 2219 1295 2257 propagaretur,
1312 2215 1379 2256 egit
1394 2218 1429 2246 et
1444 2225 1485 2246 ex
1502 2218 1584 2245 tunc
1601 2224 1704 2255 usque
1722 2223 1810 2244 nunc
1826 2216 1862 2244 et
1878 2223 1980 2254 usque
1997 2212 2032 2243 in
2049 2211 2150 2243 finem

504 2267 623 2299 saeculi
642 2267 686 2298 sic
704 2277 796 2307 agere
815 2267 945 2308 satagit.
963 2267 1054 2299 Vidit
1072 2268 1161 2300 enim
1180 2272 1214 2300 et
1232 2268 1363 2306 invidit,
1381 2267 1472 2299 videt
1490 2271 1524 2299 et
1542 2267 1679 2304 invidet,
1697 2266 1776 2308 quia
1794 2265 1872 2297 illuc
1889 2275 2083 2297 ascensurus
2101 2268 2152 2296 est

589 2391 631 2416 37.
650 2393 674 2421 n¹)
691 2392 797 2415 eclesiae
819 2392 923 2422 vieljach
947 2392 977 2416 B.
1064 2392 1088 2422 b)
1107 2394 1230 2423 quoniam
1251 2393 1315 2417 verb.
1335 2393 1427 2417 Gundl.
2178 2393 2205 2412 30

600 2488 625 2519 l)
645 2488 673 2513 S.
693 2487 755 2512 oben
778 2488 827 2513 Nr.
841 2488 874 2513 35
893 2488 922 2513 S.
936 2487 997 2520 11s.
1017 2487 1074 2513 und
1092 2488 1126 2513 A.
1140 2488 1165 2513 8.
1267 2489 1294 2520 2)
1312 2489 1368 2521 Vyl.
1392 2488 1507 2519 Traube,
1527 2488 1592 2514 MG.
1615 2488 1688 2513 Poet.
1708 2487 1770 2517 III,
1791 2487 1842 2512 716
1861 2495 1888 2511 n.
1901 2486 1945 2512 28.
1973 2500 2008 2504 —
2030 2485 2082 2511 Vm·
2106 2485 2152 2510 der

508 2531 679 2564 Aulfindunq
697 2531 743 2556 der
761 2531 862 2563 Schrilt
881 2531 963 2557 durch
981 2531 1122 2557 Gundlach
1143 2532 1179 2565 (s.
1199 2532 1268 2558 auch
1288 2533 1441 2565 Zeitachrist
1461 2533 1508 2565 fiir
1529 2530 1795 2564 Kirchenqeschichte
1814 2530 1850 2560 X,
1866 2530 1910 2556 92.
1925 2530 1995 2563 258)
2019 2538 2074 2555 war
2094 2529 2151 2555 ihre

508 2575 635 2601 Exiatenz
649 2575 743 2601 bereits
756 2584 808 2600 am
822 2576 884 2601 zwei
902 2575 1012 2608 Briefen
1026 2575 1071 2601 des
1088 2576 1219 2602 Rabanus
1234 2577 1267 2602 M
1269 2585 1354 2602 anxrus
1368 2585 1406 2602 an
1421 2577 1560 2602 Hinkmar
1580 2585 1632 2602 aus
1645 2575 1706 2601 dem
1717 2575 1857 2608 Frahjahr
1871 2574 1924 2600 850
1945 2573 2061 2600 bekannt
2085 2573 2150 2607 (vql.

508 2620 619 2645 Schrb'rs
633 2620 662 2645 S.
676 2620 736 2645 108.
754 2620 833 2652 115),
856 2620 920 2645 MG.
937 2620 1025 2652 Epist.
1042 2620 1073 2649 V,
1088 2620 1141 2645 458
1160 2621 1191 2645 Z.
1210 2620 1263 2652 5j..·
1285 2621 1475 2653 (opusculum)
1499 2623 1636 2650 vestrum,
1660 2619 1737 2653 quod
1758 2619 1869 2645 dilectis
1892 2618 1954 2644 filiis
1977 2618 2151 2652 simplicibus

507 2667 604 2695 sancte
620 2664 693 2689 sedis
710 2667 802 2694 vestre
826 2664 994 2693 confecistis,
1016 2663 1073 2689 und
1095 2664 1234 2689 beaonders
1252 2665 1316 2690 ΜΟ.
1334 2665 1422 2698 Epist.
1442 2665 1473 2695 V,
1486 2665 1539 2691 490
1558 2665 1589 2690 Ζ.
1602 2664 1673 2697 147„-
1693 2663 1871 2697 opuseulum,
1893 2663 1969 2696 quod
1990 2662 2096 2688 fecistis
2117 2662 2154 2688 ad
2178 2666 2205 2686 35

507 2708 628 2734 reclusos
646 2711 676 2733 et
687 2708 835 2741 simplices,
850 2708 938 2741 quiin
950 2710 1045 2733 vestra
1057 2708 1204 2741 parrochia
1216 2709 1384 2737 consistunt.
1402 2712 1500 2735 contra
1515 2708 1677 2735 Gotescalki
1695 2716 1826 2734 errorem.
1847 2722 1883 2726 ——
1901 2707 1954 2733 Die
1973 2706 2082 2740 Synode
2101 2714 2152 2732 von

508 2752 624 2784 Ouierzy
637 2761 687 2779 υφι
700 2752 752 2777 849
768 2752 833 2784 (vql.
847 2755 929 2777 umen
943 2752 971 2777 S.
985 2751 1020 2777 23
1032 2751 1089 2777 mul
1103 2752 1137 2777 A.
1150 2752 1182 2785 6)
1209 2752 1242 2777 ist
1255 2752 1298 2777 die
1317 2753 1434 2778 witliche
1450 2753 1708 2786 Riickwdrtsqrcnze.
1725 2752 1754 2778 S.
1771 2752 1840 2777 auch
1862 2751 1927 2777 oben
1950 2751 2000 2777 Nr.
2014 2751 2048 2776 28
2064 2750 2093 2776 S.
2106 2749 2150 2782 9!-
