2220 3192
102 842 128 862 10

100 1111 127 1131 15

99 1377 126 1397 20

99 1643 126 1662 25

95 2064 125 2084 80

94 2693 123 2712 40

684 271 870 298 HINKMAR
891 273 968 300 VON
988 274 1108 301 REIMS
1128 276 1279 302 202—203.
1737 277 1799 305 227

165 359 249 390 Quod
264 362 362 385 tamen
378 360 500 386 chrisma
514 369 565 387 nos
579 371 615 387 ex
631 371 706 395 aqua
722 364 844 390 fluminis
859 365 993 391 conficere
1008 366 1163 393 fallaciterss
1178 368 1361 394 arbitrantur.
1389 369 1603 403 Reprehendere
1619 370 1801 396 nihilominus

158 412 325 443 moliuntur,
341 421 375 438 eo
391 413 467 446 quod
482 416 547 439 octo
562 415 787 442 ebdomadibusb
802 420 868 443 ante
884 419 990 451 pascha
1004 428 1021 445 a
1036 420 1163 446 carnium
1178 423 1207 446 et
1222 424 1331 454 septem
1346 422 1553 448 ebdomadibus
1569 432 1586 449 a
1601 423 1674 449 casei
1688 425 1718 449 et
1733 431 1800 449 ovo-

158 474 221 491 rum
234 474 286 492 esu
300 474 378 491 more
392 473 443 492 suo
458 474 516 492 non
530 475 680 493 cessamus.
707 469 885 496 Mentiuntur
900 479 1012 504 quoque
1027 480 1086 502 nos,
1102 473 1184 499 sicuti
1200 482 1249 506 pcr
1263 474 1319 500 alia
1332 475 1458 508 ipsorum
1473 476 1633 509 conscripta
1647 476 1799 507 indicatur,

156 527 262 552 agnum
280 519 310 544 in
328 519 434 552 pascha
453 527 528 545 more
547 520 718 546 Iudaeorum
736 530 820 555 super
837 523 926 549 altare
944 525 1050 557 pariter
1067 534 1131 551 cum
1149 526 1290 552 dominico
1315 536 1430 561 corpore
1449 528 1611 555 benedicere
1636 531 1666 554 et
1690 529 1798 555 offerre.

161 571 235 603 Quin
260 574 290 597 et
314 571 517 605 reprehendere
542 574 686 606 satagunt,
713 575 780 607 quia
804 583 888 608 penes
913 585 963 602 nos
991 577 1082 604 clerici
1109 578 1210 605 barbas
1235 580 1331 605 radere
1357 589 1421 606 suas
1440 589 1497 606 non
1515 581 1660 607 abnuunt0
1682 584 1712 608 et
1733 582 1800 615 quia

155 624 311 651 diaconusfl
334 633 391 651 non
412 627 545 658 suscepto
567 626 771 659 presbiteratus
792 628 886 654 officio
907 630 984 662 apud
1006 638 1057 656 nos
1079 631 1227 664 episcopus
1248 633 1405 663 ordinatur,
1435 642 1500 659 cum
1521 635 1574 667 ipsi
1598 635 1686 660 etiam
1708 635 1798 666 illum,

155 686 241 712 quem
270 678 463 712 patriarcham
492 686 575 704 suum
599 680 757 711 nominant,
786 689 822 706 ex
845 681 916 708 laico
940 683 1035 708 subito
1060 685 1239 710 tonsoratum
1268 695 1300 711 ac
1327 686 1496 712 monachum
1524 687 1634 713 factum
1663 687 1738 714 saltu
1762 688 1799 714 ad

153 732 336 765 episcopatus
357 731 467 765 apicem
487 732 627 765 imperiali
647 732 743 759 favore
765 743 797 759 ac
820 734 934 760 brachio
956 736 1117 768 provehere,
1146 739 1178 762 ut
1206 738 1259 770 ipsi
1287 741 1400 771 putant,
1430 740 1544 765 minime
1572 740 1796 766 formidaverint.

155 785 193 810 Et
220 784 313 810 adhuc
324 787 347 814 θ,
377 784 453 817 quod
480 787 524 810 est
551 785 665 817 gravius
692 788 722 811 et
749 786 884 817 insanius,
914 797 930 814 a
959 789 1049 814 missis
1078 790 1180 815 nostris
1209 793 1307 816 contra
1338 800 1451 817 omnem
1478 792 1603 825 regulam
1631 796 1660 818 et
1688 796 1799 827 praeter

153 846 269 863 omnem
289 837 523 863 consuetudinem
542 837 669 863 libellum
690 838 763 869 fidei,
784 840 806 864 si
828 848 857 865 se
877 840 913 866 ab
933 841 988 866 illis
1007 842 1092 875 recipi
1113 842 1217 867 vellent
1226 837 1244 873 f,
1265 844 1374 876 exigere
1395 845 1591 876 moliebantur,
1612 846 1640 870 in
1662 854 1717 879 quo
1737 849 1797 872 tam

153 892 209 917 ista
227 890 353 924 capitula
372 899 458 924 quam
476 899 510 916 ea
527 893 657 916 tenentes
675 893 966 923 anathematizarent,
986 902 1095 920 necnon
1121 895 1256 928 epistolas
1274 898 1423 923 canonicas
1442 898 1478 923 ab
1497 898 1540 924 his
1557 899 1591 928 ei,
1612 907 1696 931 quem
1714 907 1797 925 suum

152 944 352 970 oecomenicon
376 944 569 977 patriarcham
592 945 748 978 appellant,
773 945 883 972 dandas
906 947 1026 980 inprobe
1052 947 1242 980 requirebant.
1278 946 1321 976 Et
1345 950 1404 983 ipse
1428 950 1542 976 invasor
1566 947 1796 979 Constantino-

153 993 318 1035 politanae
339 997 471 1023 ecclesiae
495 997 613 1023 Photius
634 998 664 1023 in
685 999 798 1032 scriptis
819 1000 876 1024 suis
897 1007 926 1024 se
948 1000 1196 1034 archiepiscopum
1217 1004 1303 1034 atque
1326 1003 1513 1028 universalem
1535 1004 1726 1037 patriarcham
1748 1014 1796 1039 ap-

153 1051 256 1085 pellat.
286 1046 330 1077 Et
347 1047 560 1088 imperatores
580 1046 757 1078 Grecorum
776 1047 897 1088 legatos
915 1049 1116 1089 apostolicae
1135 1051 1218 1081 sedis
1236 1062 1313 1082 cum
1331 1052 1476 1092 epistolis
1493 1054 1711 1090 veneratione,
1730 1065 1796 1094 qua

152 1101 349 1137 debuerunt,
362 1100 502 1141 recipere
515 1099 702 1131 noluerunt.

245 1157 328 1183 Unde
347 1157 541 1190 unusquisque
560 1160 698 1188 vestrum,
718 1158 765 1190 qui
786 1158 1006 1191 metropolitana
1023 1159 1085 1185 iura
1103 1160 1221 1185 sortitus
1239 1162 1291 1190 est,
1311 1160 1414 1187 iunctis
1433 1161 1485 1186 sibi
1504 1162 1639 1187 fratribus
1658 1165 1687 1188 et
1706 1163 1796 1196 coepi-

153 1210 245 1243 scopis
260 1211 326 1240 suis,
350 1211 398 1244 qui
419 1210 472 1236 sub
486 1218 515 1236 se
530 1213 606 1240 sunt,
622 1211 657 1236 de
673 1211 733 1236 hisss
749 1211 913 1244 diligentem
928 1220 1025 1237 curam
1039 1213 1175 1245 suscipiat
1189 1215 1227 1242 et,
1244 1213 1312 1246 quid
1327 1214 1430 1239 invidis
1444 1223 1541 1240 eorum
1556 1215 1794 1241 detractionibusb

152 1261 276 1297 opponi¹
302 1271 413 1289 necesse
431 1264 477 1293 sit,
493 1264 589 1289 rimari
606 1264 723 1290 studeat
739 1266 769 1289 et
786 1264 911 1290 invenire
929 1273 1108 1298 summopere
1124 1266 1229 1299 gestiat
1246 1269 1332 1299 atque
1349 1267 1498 1293 inventum
1516 1267 1596 1293 nobis
1613 1269 1688 1294 otius
1706 1271 1796 1294 trans-

153 1317 265 1342 mittere
286 1317 401 1342 minime
421 1317 613 1350 parvipendat
631 1318 664 1343 et
684 1317 857 1351 praesulatui
877 1320 973 1343 nostro
993 1319 1100 1352 scripta
1119 1319 1258 1345 divinitus
1277 1320 1416 1353 inspirata
1434 1321 1573 1353 sapientia
1592 1324 1687 1347 vestra
1705 1330 1794 1355 repre-

152 1369 302 1396 hendendo
319 1373 349 1395 et
366 1370 433 1395 forti
452 1378 566 1403 prorsus
583 1370 744 1396 invectione
762 1370 888 1396 feriendo
907 1374 1021 1397 tantam
1038 1372 1195 1397 eorundem
1212 1373 1415 1406 imperatorum
1434 1375 1578 1399 vesaniam
1597 1375 1704 1405 mittat,
1724 1383 1795 1408 quae

151 1431 202 1450 nos
218 1423 404 1457 suscipientes
420 1431 516 1450 rursus
532 1433 566 1450 ea
582 1432 646 1450 cum
663 1423 724 1450 aliis
740 1424 943 1450 assertionibus
960 1425 1063 1450 nostris
1079 1425 1116 1451 ad
1132 1425 1257 1458 ipsorum
1275 1434 1387 1459 quoquc
1403 1427 1575 1452 dementiam
1592 1427 1795 1454 confutandam

153 1478 266 1503 mittere
286 1477 440 1503 valeamus.

249 1526 466 1568 Quapropter,
504 1526 603 1556 frater
630 1525 810 1563 karissime,
846 1527 1027 1557 secundum
1055 1527 1180 1558 domini
1213 1527 1382 1568 apostolici
1409 1529 1729 1560 commendationem
1756 1529 1794 1560 de

150 1579 199 1610 his
216 1590 272 1621 per
288 1580 457 1610 tramitem
473 1579 712 1620 scripturarum
727 1583 760 1610 et
776 1579 988 1610 traditionem
1007 1580 1167 1611 maiorum
1177 1583 1203 1615 k,
1221 1591 1304 1621 quae
1321 1581 1367 1612 illi
1383 1581 1550 1612 rescribere
1566 1582 1795 1613 convenienter

151 1633 324 1674 possimus,
343 1643 494 1674 quaerere
512 1636 545 1663 et
564 1633 613 1663 in¹
632 1643 737 1664 unum
753 1631 899 1673 colligere
918 1633 1023 1669 stude,
1042 1637 1089 1670 ut,
1107 1644 1185 1664 cum
1203 1633 1303 1665 simul
1318 1635 1527 1665 adiuvante¹¹¹
1542 1635 1682 1666 Domino
1700 1646 1794 1666 vene-

149 1686 264 1724 rimus,
288 1697 372 1727 quae
396 1686 533 1727 quisque
560 1690 710 1717 nostrum
734 1686 861 1717 invenit
885 1686 1088 1727 singillatim,
1113 1688 1285 1718 communi
1309 1688 1418 1718 studio
1443 1687 1620 1728 relegamus
1644 1692 1687 1724 et,
1711 1699 1793 1729 quae

148 1740 255 1771 eidem
275 1740 397 1771 domno
419 1750 523 1781 papae
543 1750 561 1770 a
584 1739 675 1770 nobis
695 1739 769 1770 inde
790 1739 957 1770 scribenda
978 1744 1066 1776 sunt,
1088 1741 1288 1771 ordinemus.

241 1801 328 1832 Data
349 1801 430 1832 IIII.
446 1800 521 1832 Kal.
543 1801 675 1832 Ianuar.
697 1801 873 1832 indictione
896 1802 1012 1843 prima.

920 1953 1010 1982 20:3²⁸.

235 2004 395 2036 Hinkmar
417 2015 459 2035 an
487 2004 614 2043 Bischof
640 2005 760 2036 Rothad
783 2016 841 2036 von
865 2005 1011 2036 Soz'ssons
1034 2004 1107 2035 iiber
1130 2004 1179 2035 die
1204 2004 1365 2045 Anlclaqen
1388 2004 1440 2035 der
1462 2004 1608 2035 Grieelzen
1631 2014 1720 2044 qeqen
1743 2004 1793 2035 die

150 2058 300 2089 romische
323 2058 448 2089 Kirche.
1412 2057 1638 2088 29.Deze.⁷›1fber
1659 2057 1729 2088 867.

245 2119 358 2145 smum
379 2119 442 2152 Rey.
455 2119 517 2145 206.

238 2182 345 2223 Reqest
364 2181 451 2213 Flod.
475 2182 558 2212 Hist.
585 2182 671 2213 Rem.
693 2181 762 2213 eccl.
784 2182 854 2217 ΙΙΙ,
876 2182 916 2212 21
939 2181 1032 2222 (ΜΘ.
1054 2181 1112 2212 SS.
1136 2181 1240 2215 XIII,
1262 2181 1358 2221 517).·
1381 2181 1484 2212 Iteml
1504 2181 1607 2212 eidem
1627 2191 1701 2211 cum
1722 2180 1792 2212 aliis

149 2235 320 2266 Remensis
333 2236 495 2266 dioceseos
508 2235 685 2277 episcopis2
698 2236 736 2266 de
751 2235 925 2266 Grecorum
938 2235 1234 2270 adinventionibus,
1249 2245 1329 2275 quas
1341 2238 1454 2265 contra
1466 2234 1636 2265 canonicas
1649 2237 1791 2264 statuere

149 2288 354 2320 conabantur
368 2288 508 2329 regulas;
525 2299 582 2330 pro
599 2288 716 2330 quibus
731 2292 801 2319 tam
815 2288 857 2318 ad
872 2288 979 2328 ipsum
994 2298 1093 2328 quam
1108 2288 1149 2318 ad
1165 2292 1288 2318 ceteros
1304 2287 1399 2318 huius
1414 2288 1501 2328 regni
1517 2286 1791 2327 archiepiscopos-‘³

149 2342 289 2373 domnus
311 2341 496 2373 Adrianus⁴
518 2353 603 2383 papa
626 2341 774 2373 litteras⁵
795 2341 939 2372 dederat.

232 2496 256 2524 ²)
272 2493 400 2518 Zwischen
425 2495 473 2519 den
497 2495 584 2520 beiden
608 2495 616 2518 l
643 2495 685 2518 ein
708 2493 808 2517 Buchst.
832 2493 887 2517 rad.
914 2493 945 2517 Β.
1062 2492 1086 2523 ¹³)
1104 2492 1209 2516 Danach
1233 2492 1308 2522 sreier
1333 2492 1415 2515 Raum
1446 2491 1488 2522 jur
1511 2494 1572 2515 eiu-a
1598 2493 1612 2515 6
1634 2491 1733 2514 Buchst.
1761 2491 1791 2514 B.

145 2541 169 2568 c)
186 2538 315 2562 Zwiechen
331 2539 348 2562 b
363 2539 417 2563 und
431 2546 449 2562 n
466 2539 550 2562 Raum
564 2539 607 2569 jur
621 2539 694 2562 einen
707 2537 807 2561 Buchst.
820 2537 851 2561 Β.
943 2536 968 2567 d)
987 2537 1097 2561 diconus
1109 2537 1139 2560 B.
1230 2538 1254 2566 e)
1272 2536 1338 2561 aduc
1352 2536 1382 2560 B.
1460 2534 1480 2566 ¹)
1497 2534 1561 2560 flent
1574 2535 1604 2559 B.
1681 2537 1704 2564 ἕ)
1721 2535 1791 2565 Folqt

148 2583 193 2614 qui
205 2583 236 2606 B.
317 2581 342 2613 h)
361 2583 552 2607 detratiom'bus
564 2583 595 2607 Β.
675 2580 694 2612 ¹)
713 2583 720 2606 i
736 2582 798 2606 verb.
811 2582 842 2605 Β.
922 2579 948 2611 l¹)
969 2581 1097 2605 malorum
1110 2581 1141 2605 Β.
1221 2579 1239 2611 ¹)
1261 2576 1416 2610 Uberqeschr.
1429 2580 1460 2604 B.
1540 2582 1573 2610 ¹¹¹)
1592 2587 1620 2603 ac
1639 2580 1745 2602 iuvante
1758 2579 1788 2603 B.

241 2644 267 2675 l)
284 2643 341 2676 Vql.
352 2643 418 2669 oben
429 2644 480 2669 Nr.
494 2643 546 2670 193
563 2644 591 2669 S.
605 2643 657 2670 202
678 2643 712 2669 Α.
725 2643 750 2669 3.
764 2658 798 2661 -—
812 2642 913 2668 Femer
929 2642 995 2668 oben
1012 2642 1063 2668 Nr.
1076 2642 1128 2668 201
1147 2642 1175 2667 S.
1188 2642 1268 2674 225t.
1286 2641 1343 2667 und
1361 2641 1395 2666 A.
1409 2641 1425 2666 4
1441 2640 1520 2666 sowie
1537 2640 1587 2666 Nr.
1600 2639 1652 2665 :202
1668 2639 1696 2665 S.
1709 2639 1787 2671 226j.

149 2688 177 2720 2)
195 2687 326 2713 Erhalten
344 2696 399 2713 nur
417 2687 460 2713 die
478 2688 622 2714 Schreiben
640 2697 677 2713 αη
694 2687 751 2713 Odo
769 2695 820 2712 von
841 2687 978 2712 Beauvais
996 2686 1076 2720 (oben
1092 2686 1143 2712 Nr.
1156 2686 1207 2711 201
1227 2686 1256 2712 S.
1269 2685 1322 2712 225
1329 2685 1366 2718 f.)
1387 2685 1444 2710 und
1462 2684 1574 2710 Johavm
1594 2692 1643 2709 von
1662 2683 1790 2709 Cambrai

151 2731 232 2764 (oben
257 2731 308 2757 Nr.
326 2731 380 2758 202
403 2731 432 2758 S.
450 2732 558 2766 2261.).
684 2732 711 2764 3)
734 2731 790 2764 qu.
814 2731 889 2757 Anu.
915 2731 1018 2756 Berlin.
1042 2730 1095 2756 867
1123 2729 1162 2755 ed.
1190 2730 1275 2756 Waitz
1303 2729 1332 2755 S.
1351 2729 1385 2755 89
1411 2740 1439 2750 --
1462 2728 1539 2754 Flod.
1559 2728 1620 2758 III,
1643 2728 1676 2753 17
1708 2727 1787 2760 (MG.

146 2775 198 2802 SS.
213 2775 306 2806 XIII,
320 2775 389 2809 508)
397 2785 406 2802 .·
424 2775 478 2802 Sed
494 2779 523 2802 et
538 2777 657 2803 alteram
673 2775 823 2809 epistolam
838 2775 929 2800 eidem
944 2777 973 2800 et
989 2775 1089 2800 ceteris
1105 2774 1321 2807 archiepiscopis
1341 2775 1371 2798 et
1385 2773 1522 2806 episcopis
1547 2772 1576 2797 in
1591 2780 1675 2804 regno
1691 2771 1788 2797 Karoli

147 2820 311 2846 constitutis
333 2821 500 2846 transmisit.
591 2822 620 2853 4)
643 2820 750 2852 Richtiq
772 2819 909 2845 Nikolaus
924 2819 965 2849 I.,·
987 2818 1031 2844 die
1053 2818 1192 2850 Nennuny
1214 2817 1356 2843 Hadrian&
1372 2817 1414 2843 II.
1440 2816 1531 2842 berum
1551 2815 1600 2848 auf
1622 2815 1708 2840 einem
1727 2815 1787 2841 Ver-

146 2863 229 2890 sehe‘n
249 2863 407 2895 Flodoards,
428 2864 477 2898 vql.
495 2864 606 2890 Schro'rs
621 2864 742 2897 35731.
761 2864 796 2890 A.
809 2863 852 2889 84.
964 2864 992 2895 5)
1013 2863 1077 2889 MG.
1097 2862 1186 2896 Epist.
1202 2862 1251 2892 Vl,
1270 2861 1357 2895 600ff.
1377 2861 1427 2887 Nr.
1441 2861 1492 2886 100
1513 2860 1604 2893 (J.-E.
1617 2859 1714 2892 2879).

1525 2913 1575 2939 29*

1827 370 1898 400 867.
