2220 3192
319 323 389 350 867.

195 1390 393 1414 vgl.1.cor.13,7.

197 2133 215 2153 V
233 2134 394 2156 l.1.cm.1,1‹·.

415 231 476 259 220
978 228 1163 254 HINKMAR
1185 229 1262 255 VON
1283 229 1404 255 REIMS
1427 230 1484 256 199.

415 326 498 352 dictis
512 323 616 349 clericis
630 324 680 348 aut
694 330 710 346 a
725 321 808 346 Petro
824 319 982 354 Spoljtinou
996 322 1047 346 aut
1060 320 1098 346 ab
1111 320 1166 347 alio
1179 321 1274 355 aliquo
1287 322 1316 346 in
1330 321 1391 347 istis
1406 321 1565 355 regionibus
1581 330 1631 347 nec
1644 321 1722 347 fama
1736 329 1787 347 nec
1801 321 1922 347 veritate
1935 330 1971 348 ex
1985 330 2051 355 apo-

407 378 506 405 stolica
520 375 691 402 auctoritate
707 376 906 407 congregatam
921 373 966 399 vel
985 374 1146 407 congregari
1165 374 1281 405 iussam,
1300 375 1374 400 sicut
1391 377 1421 400 et
1440 383 1489 408 per
1507 374 1576 401 alios
1594 375 1624 400 in
1642 374 1703 400 istis
1722 374 1851 408 partibus
1870 375 1969 401 rescire
1988 378 2052 408 pot-

407 432 483 460 estis,
506 436 642 461 umquam
663 427 761 453 audivi
777 427 830 452 nisi
845 427 932 457 illam,
950 435 1022 460 quae
1037 435 1112 453 anno
1128 428 1281 461 praeterito
1297 430 1408 454 vestrae
1424 428 1605 454 auctoritatis
1621 428 1743 453 iussione
1758 427 1856 453 extitit
1871 431 2050 462 congregata,

409 486 437 510 iu
458 492 514 516 qua
534 489 631 507 eorum
652 480 826 506 restitutioni
847 479 1004 506 secundum
1024 480 1226 507 traditionemb
1248 482 1387 507 maiorum
1408 481 1587 514 paratissime
1607 481 1703 506 annui.
1741 480 1843 512 Quam,
1865 483 2052 514 posteaquam

407 539 516 563 litteras
532 536 643 560 vestrae
659 533 840 560 auctoritatis
856 533 922 559 inde
938 534 1056 567 suscepi,
1073 533 1216 560 salubrem
1231 543 1264 560 ac
1280 534 1437 568 regularem
1453 534 1548 568 cupivi
1564 536 1593 559 et
1609 533 1713 560 idcirco
1729 533 1767 560 ab
1782 534 1859 568 ipsiS‚
1877 535 1925 568 qui
1941 542 1988 560 eos
2004 534 2051 560 de—

406 590 571 618 stituerunt,
588 587 632 612 vel
648 595 705 612 non
720 596 737 613 a
754 586 855 612 minori
870 595 988 613 numero
1004 595 1061 613 una
1076 595 1141 613 cum
1158 596 1220 613 meo
1236 595 1373 613 consensu
1389 595 1436 613 eos
1452 587 1564 613 restitui
1580 588 1738 621 peroptavi.
1767 587 1805 612 Et
1820 590 1971 621 propterea
1985 588 2052 614 inde

407 651 494 676 usque
511 641 548 667 ad
566 640 709 674 synodum
725 640 876 673 expectavi
893 643 923 665 et
940 640 1050 674 plenius
1068 649 1085 666 a
1101 640 1167 666 sede
1184 641 1341 674 apostolica
1359 643 1454 666 vestra
1472 640 1644 666 auctoritate
1662 640 1833 666 firmandam
1850 641 1954 674 cupivi,
1973 641 2052 667 cuius

406 695 522 723 arbitrio
542 694 694 728 potestatis
712 695 857 719 reservata
875 695 938 720 erat
955 701 1067 720 summa
1086 703 1118 720 ac
1138 693 1258 720 firmitas
1277 694 1489 727 privilegiorum
1507 693 1679 727 apostolicae
1697 693 1780 724 sedis,
1800 694 1874 720 sicut
1892 697 1922 720 et
1941 696 2052 720 vestrae

405 748 541 783 epistolae
557 747 638 773 nobis
653 746 777 772 directae
793 747 941 773 continent
955 749 985 772 et
1000 747 1030 772 in
1044 747 1165 780 epistola
1180 747 1320 780 synodali,
1337 747 1416 773 cuius
1431 746 1576 780 exemplar
1591 747 1738 778 habemus,
1754 749 1870 773 sanctae
1885 748 2052 774 auctoritati

407 805 517 828 vestrae
534 801 643 827 directa
660 800 804 826 communi
822 808 959 826 consensu
977 800 1148 834 scripsimus.
1177 800 1213 826 In
1231 809 1287 834 qua
1305 800 1413 826 nullam
1432 801 1607 826 mentionem
1623 800 1658 826 de
1677 808 1856 834 quacumque
1875 800 1981 826 Ebonis
1999 797 2051 828 de-

406 851 541 882 iectione
559 853 719 880 habuimus.
750 853 804 879 Sed
821 855 851 879 et
866 853 969 879 litteris
988 862 1065 880 meae
1082 854 1248 887 exiguitatis
1264 853 1384 887 simplici
1403 856 1497 879 mente
1514 853 1617 879 inserui
1640 854 1715 879 inter
1738 856 1832 880 cetera
1848 853 1956 880 dicens:
1980 853 2052 885 Quia

406 908 514 942 synodo
534 916 583 941 per
600 907 676 933 hunc
694 906 885 933 venerabilem
903 907 1146 941 archiepiscopum
1165 907 1322 940 Egilonem,
1341 907 1389 940 qui
1408 905 1539 932 interfuit
1557 906 1726 937 actionibus,
1745 907 1884 940 dirigente
1902 906 2053 941 epistolam

404 962 533 988 omnium
550 963 688 990 nostrum,
713 960 761 993 qui
784 960 881 986 adesse
899 961 1053 994 potuimus,
1071 969 1136 986 cum
1152 961 1212 993 ipso
1230 969 1298 986 voce
1315 960 1490 993 loquentem,
1507 960 1654 994 quoniam,
1671 960 1694 985 si
1710 960 1750 985 eis
1768 968 1884 986 manum
1901 961 2051 994 porrigitis,

407 1015 553 1041 vobiscum
573 1014 679 1047 pariter
699 1014 880 1047 porrigemus.
914 1014 951 1039 Et
971 1014 1041 1039 item
1061 1016 1126 1047 post
1145 1012 1306 1047 aliquanta:
1333 1012 1410 1044 Quae
1430 1013 1524 1038 verbis
1543 1016 1573 1038 et
1592 1013 1705 1046 scriptis
1726 1013 1795 1039 mihi
1815 1022 1865 1047 per
1883 1014 1971 1040 istum
1991 1014 2051 1039 reli-

405 1069 515 1102 giosum
534 1067 777 1100 archiepiscopum
795 1066 897 1092 exinde
916 1067 1061 1100 sequenda
1080 1070 1166 1099 atque.
1186 1066 1310 1092 tenenda
1331 1066 1544 1096 mandaveritis,
1566 1074 1615 1100 pro
1635 1067 1705 1092 scire
1724 1069 1753 1092 et
1772 1075 1853 1100 posse
1872 1067 2004 1093 oboedire
2023 1070 2053 1092 et

405 1129 571 1148 conservare
592 1120 705 1146 curabo.
744 1120 835 1151 Quam
855 1120 1005 1153 epistolam
1025 1120 1138 1149 idcirco,
1160 1113 1353 1146 ut'veraciter
1372 1119 1454 1145 vobis
1474 1119 1619 1150 confitear,
1640 1119 1793 1154 sigillatam
1813 1128 1870 1146 non
1892 1121 1964 1149 misi,
1987 1121 2053 1153 quia

405 1175 531 1209 synodus
550 1174 702 1207 epistolam
721 1182 738 1199 a
758 1182 787 1198 se
807 1173 945 1199 directam
966 1182 1022 1199 non
1043 1172 1186 1207 sigillavit.
1207 1173 1313 1200 ducens
1333 1174 1530 1206 incongruum,
1551 1176 1593 1203 ut,
1616 1174 1751 1206 quoniam
1770 1174 1998 1207 archiepiscopus
2018 1173 2052 1199 de

405 1230 466 1262 ipsa
484 1227 602 1261 synodo.
620 1227 667 1260 qui
686 1226 778 1252 eidem
792 1227 893 1252 vestris
911 1227 948 1253 ad
967 1235 1030 1252 eam
1050 1229 1168 1252 vocatus
1187 1226 1349 1260 apostolicis
1366 1226 1469 1252 litteris
1487 1226 1627 1257 interfuit,
1646 1226 1683 1252 ad
1702 1235 1753 1253 vos
1773 1226 1951 1258 mittebatur,
1973 1227 2053 1260 quasi

405 1280 548 1308 incredulo
559 1280 679 1314 epistola
689 1279 811 1313 sigillata
827 1281 1063 1307 committeretur.
1080 1283 1110 1305 et
1127 1279 1202 1313 quod
1219 1279 1345 1313 synodus
1362 1288 1418 1305 non
1435 1280 1493 1313 egit
1508 1288 1560 1313 ego
1577 1288 1667 1314 agere,
1685 1289 1720 1305 ne
1736 1280 1903 1306 scandalum
1920 1281 2053 1314 cuiquam

407 1342 579 1369 generarem,
600 1342 657 1359 non
677 1334 860 1366 praesumpsi.

501 1387 644 1414 Sanctitas
663 1387 750 1420 igitur
768 1389 863 1412 vestra
883 1387 1011 1416 caritate,
1033 1394 1105 1419 quae
1124 1386 1220 1411 omnia
1240 1386 1338 1416 credit,
1359 1385 1466 1419 repleta
1486 1386 1625 1412 veraciter
1646 1387 1714 1412 mihi
1734 1387 1840 1417 credat,
1861 1388 1928 1420 quia
1947 1389 2052 1422 simpli-

405 1441 475 1467 citer
491 1443 520 1466 et
537 1440 645 1473 absque
663 1439 720 1465 ullo
737 1439 802 1465 dolo
820 1440 850 1464 in
867 1439 1046 1465 restitutione
1064 1439 1274 1472 praedictorum
1291 1439 1423 1466 fratrum.
1442 1441 1596 1473 postquam
1613 1442 1739 1465 vestram
1755 1440 1971 1474 dispositionem
1987 1442 2053 1468 inde

406 1495 514 1524 rescivi,
529 1502 565 1519 ex
581 1493 712 1519 benivola
728 1495 822 1518 mente
838 1493 965 1518 consensi
980 1495 1009 1518 et
1024 1492 1189 1525 simpliciter
1204 1502 1236 1518 ac
1258 1493 1317 1518 sine¹
1340 1491 1396 1518 ullo
1418 1492 1484 1518 dolo
1506 1493 1613 1526 scripsi,
1635 1500 1709 1526 quae
1728 1497 1840 1519 vestrae
1851 1497 1862 1511 c
1880 1495 2030 1522 sanctitati
2040 1499 2051 1513 ⁰

404 1547 565 1577 transmisi;
591 1556 608 1573 a
637 1554 693 1580 quo
722 1554 859 1572 consensu
889 1545 973 1572 modo
1002 1545 1130 1579 quolibet
1158 1548 1258 1579 postea
1286 1553 1343 1571 non
1370 1545 1485 1576 diverti,
1521 1546 1575 1571 nisi
1603 1545 1693 1572 veluti
1727 1547 1758 1572 in
1785 1546 1921 1580 praefatis
1948 1547 2052 1575 litteris

406 1600 486 1627 vobis
505 1600 612 1633 scripsi,
635 1600 743 1626 dicens:
768 1599 925 1625 Reservato
947 1607 996 1632 per
1015 1599 1111 1624 omnia
1135 1599 1292 1624 sententiae
1315 1607 1348 1624 ac
1372 1599 1440 1624 iuris
1464 1599 1609 1632 privilegio
1633 1599 1804 1632 apostolicae
1825 1600 1899 1626 sedis
1922 1602 1952 1626 et
1974 1601 2054 1628 salva
2079 1606 2090 1622 ‘-

405 1654 576 1680 diffinitione
594 1662 626 1679 ac
644 1652 858 1679 confirmatione
875 1654 1044 1686 expectatae
1062 1654 1172 1678 vestrae
1189 1652 1366 1677 discretionis
1383 1654 1470 1685 atque
1488 1653 1677 1679 auctoritatis.
1707 1652 1789 1679 Nunc
1807 1656 1904 1679 autem
1921 1657 2053 1688 suscepta

406 1706 576 1733 diffinitione
597 1706 632 1731 de
653 1706 765 1732 illorum
786 1706 976 1734 restitutione,
999 1713 1085 1738 quam
1106 1708 1210 1735 vestra,
1233 1705 1306 1731 sieut
1327 1705 1440 1730 decuit‘¹
1461 1708 1491 1730 et
1511 1706 1580 1731 ordo
1602 1706 1741 1740 poposcit,
1763 1714 1876 1733 summa
1897 1709 2053 1734 auctoritas

407 1760 558 1794 praecessit
575 1762 605 1785 et
623 1759 813 1792 subsequente
831 1758 962 1791 synodali
981 1766 1119 1784 consensu
1138 1761 1248 1784 vestrae
1268 1758 1403 1791 perfectio
1423 1758 1591 1785 firmationis
1610 1759 1813 1790 corroboravit,
1832 1768 1990 1794 numquam
2009 1761 2052 1787 vel

406 1822 548 1846 nusquam
569 1813 671 1838 exinde
694 1820 904 1845 quanicumque
927 1812 1133 1845 querimoniam
1156 1814 1255 1838 contra
1278 1819 1485 1844 quemcumque
1509 1812 1609 1838 molior
1631 1813 1675 1838 vel
1697 1813 1844 1846 dispono&
1867 1814 1985 1840 intendo
2009 1815 2053 1840 vel

406 1867 489 1900 cupio
505 1866 618 1895 habere,
635 1874 788 1895 removere,
804 1865 928 1891 excitare
944 1866 1003 1891 sive
1020 1873 1171 1891 conserere.
1200 1865 1258 1890 Nec
1276 1865 1431 1890 meditatus
1446 1873 1520 1896 sum,
1535 1872 1577 1892 ex
1592 1872 1657 1902 quo
1673 1866 1792 1892 litteras
1808 1875 1858 1900 pro
1874 1867 1926 1893 his
1942 1870 2053 1894 vestrae

408 1920 591 1953 benignitatis
605 1919 718 1952 accepi.
730 1928 747 1945 a
761 1926 898 1945 consensu
911 1919 941 1944 in
955 1918 1064 1951 synodo
1079 1920 1178 1944 contra
1191 1918 1279 1951 ipsius
1289 1917 1490 1944 diffinitionem
1503 1921 1533 1944 et
1547 1921 1673 1945 vestram
1687 1919 1931 1946 confirmationem
1945 1920 2053 1954 aliquid

407 1981 550 1999 removere
567 1981 603 1998 ex
620 1975 689 1998 tunc
706 1973 735 1997 in
753 1972 937 2005 postmodum
955 1980 1043 2004 usque
1061 1972 1089 1997 in
1107 1972 1320 2005 sempiternum.
1355 1971 1426 2002 Quia
1442 1972 1518 1997 enim
1536 1971 1612 1998 nullo
1630 1973 1747 1998 crimine
1764 1973 1891 2007 proprio¹
1909 1973 2052 2000 denotati¹

408 2027 562 2052 nescientes
582 2026 711 2051 Ebonem
730 2025 911 2053 damnatum,
931 2022 1097 2052 credentes
1120 2020 1270 2052 Videlicet
1292 2031 1369 2051 eum
1391 2021 1545 2052 canonice
1570 2021 1773 2059 restitutum,
1799 2035 1856 2052 non
1878 2027 2052 2060 inportuneg

407 2080 443 2106 ad
458 2080 677 2109 ordinationem,
692 2080 766 2105 sicut
779 2079 833 2112 ipsi
847 2079 948 2104 dicunt
959 2094 1002 2097 —
1015 2081 1045 2103 et
1060 2086 1117 2104 non
1131 2080 1175 2104 est
1190 2078 1237 2111 qui
1253 2077 1430 2104 contradicat
1442 2093 1493 2107 -,
1508 2086 1537 2103 se
1552 2078 1738 2112 ingesserunt,
1753 2079 1801 2105 sed
1816 2079 1899 2106 electi
1913 2083 1943 2106 et
1958 2081 2052 2108 vocati

408 2133 604 2163 oboedierunt,
620 2128 752 2159 iubente
769 2128 928 2169 apostolo,
946 2132 983 2158 ut
1000 2128 1032 2158 id
1050 2128 1160 2169 ipsum
1174 2128 1322 2158 dicamus
1339 2138 1452 2158 omnes
1468 2131 1501 2158 et
1517 2126 1583 2158 ad¹¹
1600 2126 1657 2158 id¹¹
1672 2128 1804 2169 ipsum¹¹
1821 2140 1863 2160 ex
1879 2129 1938 2160 hac
1954 2141 2053 2161 causa

406 2183 593 2219 dicendum,
617 2182 697 2222 quid
721 2182 919 2212 testimoniis
943 2192 984 2212 ex
1009 2181 1291 2222 praedecessorum
1315 2184 1498 2212 vestrorum
1521 2181 1658 2211 decretis
1681 2192 1700 2212 a
1724 2186 1831 2213 vestra
1855 2183 2052 2214 auctoritate

409 2236 522 2276 positis
547 2235 686 2271 (linatur,
712 2235 962 2265 convenientius
990 2245 1054 2264 non
1080 2234 1231 2271 occurrit,
1258 2238 1332 2264 sicut
1357 2237 1512 2263 secundum
1537 2237 1735 2264 excellentiam
1759 2239 1916 2272 sapientiae
1942 2243 2052 2266 vestrae

406 2293 511 2318 domno
531 2293 588 2325 regi
605 2292 710 2318 Karolo
731 2292 891 2325 scn‘psistis,
907 2292 929 2316 si
950 2291 1058 2317 nollent
1076 2291 1209 2317 oboedire
1230 2291 1336 2318 volenti
1355 2299 1402 2317 eos
1421 2290 1457 2317 ad
1479 2291 1613 2317 maiorem
1631 2291 1752 2324 gradum
1772 2292 1934 2325 provehere,
1955 2301 2053 2318 omnes

407 2345 445 2370 illi
463 2345 551 2370 veluti
570 2346 725 2378 procaciter
742 2345 895 2370 renitentes
912 2339 1200 2379 reprehenderenturi
1224 2347 1253 2369 et
1270 2347 1419 2377 tamquam
1436 2347 1617 2370 contumaces
1635 2345 1707 2370 circa
1723 2353 1817 2370 sacros
1835 2353 1955 2371 canones
1972 2346 2051 2372 dam-

408 2401 551 2426 narentur,
566 2398 654 2423 veluti
668 2399 696 2422 in
709 2398 830 2431 epistola
842 2398 990 2431 episcopis,
1005 2398 1053 2431 qui
1068 2406 1117 2431 per
1128 2398 1251 2431 gratiam
1266 2398 1316 2423 Dei
1330 2400 1359 2423 et
1372 2397 1518 2424 decretum
1531 2400 1657 2423 vestrum
1670 2397 1747 2431 apud
1763 2392 1941 2424 Suessionisk
1954 2399 2053 2425 urbem

408 2454 609 2479 convenerunt,
625 2451 732 2476 directa
751 2451 918 2476 intimastis:
945 2450 1163 2484 Qualiscumque
1182 2451 1269 2476 fuerit
1288 2451 1332 2476 vel
1353 2459 1547 2484 quaecumque
1566 2450 1714 2484 pertulerit
1729 2450 1799 2478 Eho.
1820 2461 1837 2477 a
1856 2459 1885 2477 se
1904 2452 2051 2483 ordinatis

408 2505 455 2537 qui
474 2504 541 2529 nihil
559 2507 669 2537 praeter
685 2504 877 2529 humilitatem
893 2506 923 2529 et
938 2504 1149 2529 oboedientiam
1165 2504 1364 2534 exhibuerunt,
1389 2504 1497 2530 nullum
1514 2512 1626 2537 prorsus
1641 2503 1740 2529 intulit
1755 2504 1967 2535 offendiculum,
1985 2513 2052 2538 quo-

409 2558 484 2583 niam
505 2560 535 2582 et
558 2557 736 2583 beatissimus
758 2557 812 2583 Leo
835 2557 871 2582 ad
894 2557 1006 2583 Mauros
1027 2557 1151 2583 scribens
1172 2557 1214 2583 ita
1234 2557 1269 2582 de
1291 2557 1415 2590 quodam
1438 2557 1562 2584 Maximo
1585 2551 1738 2591 praecipit¹
1764 2557 1872 2584 dicens:
1896 2558 2053 2584 Maximum

410 2619 530 2643 quoque,
550 2610 616 2635 licet
636 2610 890 2643 reprehensibiliter
908 2610 1083 2638 ordinatum,
1099 2613 1196 2636 tamen
1215 2611 1238 2635 si
1254 2610 1406 2637 Donatista
1426 2611 1482 2636 iam
1502 2619 1558 2636 non
1577 2613 1620 2635 est
1639 2612 1669 2635 et
1688 2610 1736 2636 a¹1¹
1755 2611 1857 2644 spiritu
1877 2612 2052 2638 scismaticae

496 2743 518 2769 ἢ)
538 2739 603 2763 wsb·
630 2748 657 2762 ευ
686 2740 826 2770 Spoletano
852 2741 880 2763 ζ’,
975 2739 998 2769 Ι”)
1017 2740 1189 2764 traditionum
1210 2740 1240 2764 B.
1331 2742 1353 2769 c)
1373 2740 1437 2763 Verb.
1461 2748 1507 2763 ans
1532 2742 1617 2763 vestra
1634 2741 1774 2764 sanctitate
1791 2741 1820 2764 C.
1912 2740 1936 2770 ‘¹)
1957 2742 1962 2764 i
1985 2741 2052 2764 witer-

413 2784 502 2813 yeschr.
520 2784 549 2807 ζ’,
635 2787 657 2813 ι”)
677 2784 779 2807 Dwmch
798 2792 815 2815 p
831 2785 884 2807 rud.
903 2785 931 2807 (γ’.
1017 2783 1036 2813 Ῡ)
1055 2786 1157 2815 proprio
1175 2785 1216 2808 dc⁴
1233 2785 1279 2814 aits
1298 2785 1356 2808 Rus.
1378 2785 1408 2808 Β.
1494 2786 1517 2813 g)
1536 2785 1683 2815 importune
1702 2784 1730 2808 G.
1824 2784 1849 2813 h)
1868 2784 1922 2815 :lul
1944 2785 2001 2808 Rus.
2025 2786 2052 2808 lt.

416 2826 433 2857 ¹)
454 2828 518 2851 Vah.
540 2830 568 2851 (¹.
658 2827 683 2855 k)
704 2829 837 2852 Suessonis
857 2828 885 2851 (¹.
975 2828 993 2857 ¹)
1011 2830 1140 2859 praecepit
1162 2829 1191 2852 Ο.
1279 2832 1311 2854 ¹¹¹)
1331 2828 1432 2852 Duum-h
1457 2830 1467 2851 I
1491 2828 1591 2851 Buchst.
1610 2829 1664 2852 rad.
1685 2829 1713 2852 (¹.

2080 804 2105 822 10

2080 1068 2106 1087 15

2079 1339 2091 1357 ἱ)
2094 1340 2106 1357 0

2079 1870 2105 1889 30

2078 2401 2105 2418 40

2078 2743 2106 2761 45
