2220 3192
709 247 895 274 HINKMAR
916 249 993 275 VON
1013 250 1132 276 REIMS
1154 250 1213 276 198.
1715 250 1777 280 213

135 332 234 374 gestis
247 343 360 363 veram
374 332 602 373 praefatorum
615 334 757 366 fratrum
772 337 1031 377 prosecutionem
1044 339 1217 370 adversum
1233 350 1283 370 me
1296 339 1425 371 silentio
1440 350 1505 370 non
1519 340 1658 371 firmavi.
1681 341 1775 373 Unde
1802 345 1872 374 867.

135 397 177 417 ex
189 385 355 417 communi
364 395 525 417 consensu
535 387 717 418 secundum
726 399 877 426 canones,
887 390 972 421 sicut
981 401 1033 422 eos
1043 391 1277 429 intelleximus,
1286 392 1407 423 iudices
1418 392 1582 434 postulavi
1590 393 1612 424 ¹.
1629 393 1776 430 Quorum

137 438 336 470 sententiam
354 439 556 479 sequendam
573 439 652 477 vidi,
672 451 840 482 usquequo
860 442 989 474 maioris
1005 444 1214 476 auctoritatis
1230 444 1324 476 aliter
1341 446 1457 477 exinde
1475 446 1708 478 diffinitionem
1725 458 1775 479 ac-

134 492 288 534 ciperem.
314 491 460 533 Recepta
477 495 592 523 autem
609 493 722 524 domni
741 504 844 535 papae
862 495 978 526 Leonis
994 497 1198 528 excusatoria
1215 497 1381 538 epistola2‚
1399 509 1457 529 cur
1473 499 1586 530 eadem
1602 503 1692 539 gesta
1711 511 1774 531 non

100 554 112 572 5
135 544 432 577 confismaverit—
441 544 552 575 dicens
568 545 653 576 inter
669 549 790 578 cetera:
807 551 920 582 Caumm,
931 561 981 585 pro
993 553 1095 586 quibus
1105 553 1157 580 hoc
1167 562 1255 587 usque
1266 555 1303 580 ad
1318 557 1431 589 tempus
1446 556 1652 589 suspendimus,
1664 558 1777 583 caritati

136 604 248 628 vestrae
265 602 400 628 dicemus.
434 601 528 628 Prima
547 602 635 636 igitur
652 602 722 628 haec
739 605 792 633 est,
812 604 887 637 quia,
906 605 980 631 sicut
998 605 1035 631 ab
1052 607 1190 640 episcopis
1208 609 1424 640 praenominata
1441 609 1566 642 synodus
1586 609 1693 635 utiliter
1711 618 1776 636 ven-

136 655 220 682 tilata
235 655 294 681 sive
309 655 405 688 sopita
420 657 473 685 est,
489 655 531 681 ita
547 663 598 689 per
612 655 722 688 aliquos
738 665 773 682 ex
789 656 837 686 eis,
853 659 887 682 ut
902 657 1046 684 dubitatio
1061 659 1135 685 foret
1150 660 1285 686 radicitus
1300 661 1408 692 evulsa,
1423 664 1534 688 statuta
1550 664 1660 688 vestrae
1676 663 1778 697 synodi

137 709 279 735 destinam
300 707 452 738 debuistis;
476 704 633 741 nesciens,
655 705 732 746 quia
756 716 813 736 nos
837 706 1081 748 metropolitani
1102 708 1137 739 in
1158 709 1230 739 istis
1250 710 1433 750 regionibus
1456 721 1521 741 non
1542 711 1699 743 habemus
1722 723 1776 754 po—

137 761 303 795 testatem,
323 761 361 788 ut
377 756 446 788 sine
463 767 625 789 consensu
641 757 693 788 vel
710 757 850 789 iussione
868 760 949 800 regis
965 763 1025 791 aut
1042 771 1100 791 nos
1116 761 1179 802 ipsi
1196 762 1240 793 ire
1256 766 1317 793 aut
1331 763 1537 804 coepiscopos
1555 768 1681 795 nostros
1697 775 1776 806 quo-

86 819 112 838 10
135 822 238 853 quam
258 810 385 852 longius
406 810 571 852 possimus
591 810 736 851 dirigere.
769 810 950 843 Subiunxit
968 817 1082 845 autem
1101 813 1189 845 idem
1210 815 1361 855 pontifex
1378 815 1413 846 in
1433 817 1500 847 suis
1519 817 1704 857 apostolicis
1724 817 1777 848 lit-

136 864 214 896 teris
233 863 380 895 dicensss:
402 867 466 894 Alia
486 870 584 894 autem
604 867 686 894 iuxta
705 870 807 894 votum
827 869 915 895 vestri
934 869 1065 895 desiderii
1084 869 1114 895 id
1134 879 1185 896 nos
1205 871 1336 905 perficere
1357 872 1471 898 minime
1491 874 1628 906 permisit,
1648 883 1681 900 eo
1702 875 1778 907 quod

136 922 222 956 legati
240 921 315 947 sedis
332 921 506 955 apostolicae
524 923 688 955 praesentes
705 921 812 947 ibidem
831 930 889 948 non
905 922 1023 948 fuerunt
1040 931 1131 956 neque
1149 924 1302 958 imperialis
1320 925 1439 958 epistola
1457 926 1538 952 nobis
1555 926 1621 952 talis
1638 930 1682 952 est
1700 936 1777 961 prae-

136 977 259 1005 sentata,
283 983 355 1008 quae
377 975 440 1005 hoc,
464 974 541 1008 quod
563 974 757 1008 expetendum
779 975 904 1006 misistis,
927 975 1086 1009 specialiter
1106 976 1231 1003 indicare
1253 978 1400 1011 potuisset.
1439 978 1546 1009 Quarta
1567 979 1672 1006 scilicet
1694 989 1779 1007 causa

137 1029 206 1055 haec
223 1030 276 1059 est,
294 1028 361 1062 quia
378 1028 417 1059 hi,
436 1035 506 1061 quos
523 1027 668 1062 depositos
686 1028 789 1054 caritas
806 1030 902 1054 vestra
918 1029 1090 1055 auctoritate
1107 1029 1209 1063 synodi
1225 1030 1285 1055 fore
1301 1030 1444 1061 adfirmat,
1462 1040 1511 1064 per
1527 1033 1653 1066 proprias
1669 1032 1779 1059 litteras

89 1084 115 1103 15
137 1081 233 1108 sedem
251 1081 439 1115 apostolicam
457 1080 595 1115 appellati
613 1082 682 1107 sunt
699 1082 730 1107 et
748 1081 849 1107 volunt
867 1082 971 1107 iterum
989 1084 1087 1108 nostra
1104 1090 1134 1108 se
1152 1082 1309 1117 apostolica
1326 1084 1418 1110 audiri
1436 1085 1594 1118 praesentia
1611 1088 1641 1111 et
1658 1088 1736 1116 tunc,
1755 1087 1779 1112 si

137 1134 290 1169 culpabiles
311 1135 422 1161 inventi
442 1134 558 1165 fuerint,
580 1142 638 1160 non
665 1142 694 1160 se
715 1134 848 1160 abnuunt
868 1135 1033 1161 canonicam
1053 1136 1190 1162 sustinere
1211 1144 1358 1162 censuram
1380 1144 1438 1164 —:
1465 1137 1498 1164 et
1523 1137 1698 1175 postquam
1722 1135 1779 1166 has

136 1184 262 1217 litteras
287 1184 401 1216 domni
427 1195 532 1226 papae
552 1183 669 1215 Leonis
695 1184 816 1225 accepi,
842 1184 928 1215 sicut
954 1184 1034 1216 mihi
1059 1185 1216 1222 innotuit,
1241 1186 1404 1217 domnus4
1431 1185 1621 1217 Hlotharius
1647 1191 1778 1228 petente

135 1238 281 1280 quodam
299 1238 451 1279 episcopo
472 1237 561 1278 regni
581 1237 644 1274 sui,
664 1237 722 1278 qui
741 1237 847 1268 adhuc
867 1237 984 1274 vivit-⁵,
1006 1249 1062 1279 per
1077 1238 1213 1270 Petrum
1226 1238 1395 1270 Aritinum
1409 1239 1620 1281 episcopum⁶
1634 1241 1778 1281 praefato

136 1292 256 1323 domno
277 1302 381 1333 papae
406 1290 576 1323 mandavit
588 1291 611 1327 ⁷,
636 1294 674 1321 ut
694 1294 784 1331 gesta
805 1290 1033 1332 episcoporum
1054 1291 1093 1322 de
1114 1291 1236 1322 eisdem
1256 1291 1378 1323 clericis
1401 1303 1466 1322 non
1491 1292 1644 1325 firmaret.

86 1360 113 1378 20
234 1353 324 1390 Quae
338 1364 417 1384 cum
431 1353 473 1384 ad
488 1353 605 1384 fratres
626 1356 660 1383 et
679 1352 886 1394 coepiscopos
909 1356 1034 1384 nostros
1056 1352 1163 1391 retuli,
1187 1353 1377 1394 rogantibus
1399 1354 1444 1384 eis
1465 1355 1554 1396 apud
1570 1354 1780 1386 Hlotharium

136 1407 369 1448 imperatorem
393 1405 568 1448 epistolam
593 1406 711 1437 exinde
736 1406 806 1447 ipso
832 1417 874 1436 ex
897 1406 1008 1437 animo
1034 1406 1189 1447 largiente
1215 1417 1271 1448 per
1297 1407 1409 1438 missos
1436 1418 1522 1438 meos
1552 1408 1693 1449 optinui,
1725 1408 1778 1439 ubi

138 1460 222 1491 inter
252 1463 358 1491 cetera
390 1459 438 1491 ita
468 1459 631 1500 scriptum
659 1459 833 1490 habetur⁸z
872 1463 927 1490 Sed
955 1463 992 1489 ad
1020 1466 1131 1490 nostras
1160 1464 1310 1497 petitiones
1337 1464 1515 1497 exequendas
1549 1467 1578 1490 et
1612 1465 1780 1499 optinendas

139 1517 255 1543 Petrum
271 1517 463 1543 venerabilem
479 1519 510 1543 et
525 1516 742 1543 dilectissimum
758 1516 840 1542 nobis
858 1516 1031 1551 Spolitinum
1046 1513 1231 1551 episcopum⁹
1247 1518 1314 1544 viva
1330 1526 1398 1543 voce
1414 1520 1510 1543 nostra
1526 1518 1586 1544 vice
1602 1520 1780 1545 executorem

137 1571 333 1597 instruximus.
368 1570 407 1596 Et
429 1570 519 1597 alium
542 1570 669 1600 Petrum,
692 1569 884 1596 venerabilem
906 1578 995 1603 aeque
1018 1572 1048 1595 et
1069 1571 1299 1596 amantissimum
1320 1571 1483 1604 episcopum
1505 1571 1657 1602 Aritinum,
1678 1571 1781 1596 litteris

86 1630 115 1650 25
138 1624 364 1651 commonuimus
385 1626 415 1650 et
435 1623 507 1650 alios
528 1623 625 1650 fideles
646 1625 756 1650 vestros
777 1626 864 1657 atque
886 1626 997 1650 nostros
1017 1623 1148 1650 similiter
1167 1623 1233 1649 inde
1255 1624 1424 1655 monuimus
1445 1624 1479 1650 et
1499 1619 1633 1661 reliqua.
1666 1619 1780 1661 Sicque

136 1685 214 1705 cum
234 1673 298 1705 ista
320 1673 459 1715 epistola
480 1676 515 1704 et
535 1684 615 1704 cum
636 1672 796 1714 legatione
818 1673 1025 1714 imperatoris
1047 1683 1103 1714 per
1124 1673 1311 1714 praefatum
1332 1672 1550 1705 venerabilem
1570 1673 1781 1714 episcopum⁹

138 1727 252 1759 missos
276 1738 364 1758 meos
385 1738 465 1758 cum
486 1726 640 1759 litteris1⁰
657 1726 801 1758 Romam
824 1726 938 1763 direxi,
958 1726 1077 1767 quibus
1100 1726 1134 1757 in
1152 1726 1206 1757 via
1230 1726 1368 1757 nuntius
1389 1726 1481 1757 venit
1502 1727 1540 1757 de
1563 1726 1655 1757 obitu
1678 1737 1780 1768 papae

138 1780 296 1812 Leonisu.

227 1842 460 1874 Perveuientes
476 1846 594 1873 autem
609 1841 753 1873 Romam
768 1852 846 1873 cum
863 1841 1018 1883 praefatis
1034 1841 1151 1873 litteris
1167 1844 1201 1872 et
1217 1840 1510 1872 intervenientibus
1527 1840 1698 1881 praedictis
1713 1840 1780 1881 epi-

88 1906 115 1924 30
138 1896 243 1937 scopis
263 1896 405 1927 domnus
427 1895 561 1927 nomine
582 1899 615 1926 et
635 1895 740 1936 gratia
756 1895 952 1926 Benedictus
974 1894 1053 1926 mihi
1067 1895 1155 1936 quod
1176 1894 1277 1925 nostis
1298 1893 1536 1935 privilegium12
1556 1893 1629 1924 inde
1649 1893 1778 1924 direxit.

139 1948 310 1990 Synodum
328 1953 442 1980 autem
462 1960 519 1991 pro
539 1948 732 1991 saepedictis
750 1948 872 1980 clericis
890 1951 948 1980 aut
973 1959 991 1979 a
1011 1947 1107 1979 Petro
1127 1946 1288 1988 spolitino
1312 1950 1372 1978 aut
1389 1946 1430 1977 ab
1448 1946 1510 1977 alio
1529 1946 1638 1987 aliquo
1657 1946 1691 1976 in
1710 1946 1780 1976 istis

138 2002 322 2044 regionibus
347 2013 405 2034 nec
430 2002 519 2034 fama
544 2013 601 2034 nec
625 2002 764 2033 veritate
788 2012 830 2033 ex
852 2001 1030 2043 apostolica
1053 2000 1250 2032 auctoritate
1273 2002 1501 2041 congregatam
1523 1999 1575 2031 vel
1596 1999 1780 2040 congregari

138 2056 273 2093 iussam,
289 2055 374 2087 sicut
388 2059 422 2087 et
437 2067 493 2097 per
507 2055 588 2087 alios
608 2055 643 2086 in
663 2055 734 2086 istis
750 2054 898 2096 partibus
917 2054 1029 2086 rescire
1051 2053 1197 2096 potestis,
1220 2064 1379 2094 umquam
1397 2052 1542 2084 audivil3
1565 2052 1625 2083 nisi
1644 2051 1779 2089 illam14,

138 2120 222 2150 quae
240 2120 327 2140 anno
347 2109 522 2150 praeterito
540 2112 667 2140 vestrae
686 2108 895 2140 auctoritatis
913 2108 1053 2138 iussione
1071 2107 1185 2138 extitit
1202 2109 1405 2147 congregata,
1424 2106 1459 2136 in
1476 2116 1541 2146 qua
1558 2116 1671 2136 eorum
1689 2105 1779 2135 resti-

89 2170 116 2190 35
139 2163 262 2193 tutioni
280 2163 463 2194 secundum
482 2163 697 2194 traditionem
718 2162 878 2193 maiorum
898 2165 1075 2198 paratissime
1098 2160 1232 2190 annui15.
1274 2160 1393 2196 Quam,
1418 2162 1632 2200 posteaquam
1654 2158 1780 2190 litteras

138 2220 263 2247 vestrae
282 2216 525 2247 auctoritatis16
543 2216 617 2247 inde
637 2215 774 2256 suscepi,
791 2214 965 2245 salubre1n1⁷
984 2227 1016 2243 ac
1031 2217 1186 2251 regularem
1200 2217 1294 2250 cupivi
1308 2216 1341 2243 et
1359 2212 1476 2243 idcirco
1490 2211 1530 2242 ab
1549 2211 1638 2252 ipsiS‚
1653 2211 1710 2252 qui
1728 2221 1780 2241 eos

233 2352 258 2381 1)
279 2350 378 2375 Mami
394 2349 472 2377 XIV.
488 2350 549 2375 934.
572 2349 626 2382 Vyl.
644 2349 755 2375 Schriirs
770 2349 798 2373 S.
812 2348 854 2373 62.
967 2348 994 2378 2)
1016 2346 1143 2372 Erhalten
1167 2354 1219 2371 nur
1240 2346 1283 2370 die
1305 2345 1397 2371 beiden
1420 2345 1478 2370 hier
1499 2344 1679 2376 'aberlieferten
1699 2344 1779 2376 Fragl-

145 2397 240 2424 menle,·
263 2394 303 2419 δίε
327 2393 390 2419 sind
411 2393 481 2419 auch*
503 2402 551 2419 von
575 2393 713 2419 Nikolaus
734 2393 769 2419 I..
798 2391 861 2417 ΜΟ.
886 2391 974 2424 Epist.
995 2391 1042 2416 VJ.
1059 2390 1111 2416 416
1134 2390 1183 2415 Nr.
1199 2390 1231 2415 79
1256 2389 1348 2422 (J.-E.
1362 2389 1449 2422 2822)
1472 2388 1529 2414 ‘und
1552 2388 1640 2421 Epist.
1660 2388 1707 2413 VJ.
1730 2387 1781 2413 424

144 2438 193 2463 Nr.
207 2438 241 2464 80
260 2438 353 2471 (J.-E.
366 2438 467 2471 2823),
482 2441 612 2464 verwertet
629 2437 721 2470 (J.-E.
735 2436 849 2467 2631&
955 2436 983 2466 3)
1000 2434 1056 2467 Vql.
1071 2435 1157 2467 roriye
1171 2435 1205 2460 A.
1311 2435 1339 2465 4)
1357 2433 1413 2465 qu.
1432 2441 1494 2458 zum
1513 2432 1651 2465 folgenden
1669 2432 1721 2457 Leo
1732 2431 1780 2457 IV.

89 2491 119 2511 40
143 2491 177 2507 (ιη
197 2482 345 2512 Himeram,
371 2482 436 2508 ΜΟ.
457 2483 548 2516 Epist.
566 2483 596 2511 1⁷,
615 2482 668 2508 590
694 2480 786 2513 (ιλ-Ε.
800 2479 897 2512 2632).
1021 2480 1049 2511 o)
1069 2478 1180 2504 Schro'rs
1204 2478 1232 2503 S.
1246 2478 1305 2510 67).
1325 2478 1359 2503 A.
1374 2477 1407 2503 72
1430 2477 1528 2509 ρῖαιιὸε,
1546 2476 1600 2509 (ἰαβ
1615 2476 1660 2501 der
1677 2476 1709 2501 B.
1727 2475 1782 2500 Ebc

144 2535 194 2552 von
208 2526 336 2552 Grenoble
355 2527 421 2559 (vql.
437 2527 503 2552 oben
518 2527 547 2552 S.
562 2527 595 2551 44
612 2527 646 2552 A.
659 2526 691 2558 2)
709 2524 822 2557 qemeint
838 2524 886 2551 sei.
903 2523 1028 2548 wc'ihreml
1043 2531 1093 2548 ron
1110 2522 1235 2548 Nom-den
1250 2522 1279 2547 S.
1293 2522 1345 2547 127
1360 2530 1397 2547 an
1414 2521 1462 2546 ΕΙ).
1482 2521 1621 2553 Remiyius
1641 2528 1688 2545 von
1705 2520 1779 2552 Lyan

145 2570 209 2603 (091.
230 2570 294 2596 oben
315 2570 344 2596 S.
357 2571 392 2596 44
412 2571 448 2596 A.
462 2571 495 2604 4)
517 2570 619 2596 dachtc.
732 2570 759 2601 6)
776 2568 832 2600 Vql.
847 2567 911 2593 oben
931 2567 960 2592 S.
973 2567 1008 2593 38
1024 2567 1059 2592 A.
1074 2568 1097 2592 7.
1209 2568 1236 2598 7)
1257 2565 1340 2592 Nicht
1352 2565 1476 2591 erhalteu.
1490 2565 1544 2597 Vql.
1558 2564 1668 2590 Schro'rs
1680 2564 1708 2589 S.
1722 2564 1779 2595 67s.

143 2616 170 2645 8)
191 2615 253 2640 Nur
266 2615 352 2640 dieses
366 2615 537 2641 Bruchsm'ck
551 2615 597 2640 des
610 2613 785 2639 kaiser-lichen
801 2611 958 2637 Sclareibeus
971 2611 1005 2636 isc
1017 2611 1142 2636 erlzalten.
1160 2610 1214 2643 Vql.
1229 2610 1298 2635 auch
1310 2610 1375 2635 oben
1388 2609 1416 2635 S.
1430 2610 1465 2634 33
1478 2609 1512 2634 A.
1526 2609 1542 2633 6
1562 2608 1624 2641 (mit
1635 2607 1782 2633 Flodoards

145 2659 269 2692 Reqe31);
288 2659 476 2689 Msthlbacher,
494 2660 622 2692 Reqesten
632 2658 642 2674 ’ἒ
662 2667 687 2683 η.
702 2657 801 2682 1172α,
820 2671 855 2674 —
871 2655 982 2681 Schriirs
998 2655 1026 2681 S.
1040 2655 1083 2680 69.
1178 2655 1205 2687 9)
1223 2654 1278 2687 Vyl.
1293 2654 1356 2679 oben
1372 2654 1400 2679 S.
1413 2653 1448 2679 33
1469 2654 1503 2678 A.
1518 2654 1540 2678 7.
1636 2653 1679 2683 10)
1700 2650 1780 2676 Nicht

90 2711 118 2730 45
144 2703 268 2729 erhalteu.
288 2703 344 2736 Vql.
361 2703 427 2729 oben
443 2703 471 2729 S.
485 2704 520 2729 38
539 2703 590 2729 Nr.
606 2703 646 2728 74.
761 2702 804 2732 ll)
823 2700 877 2732 Vql.
892 2700 954 2725 oben
970 2699 997 2725 S.
1011 2699 1046 2724 33
1060 2699 1093 2724 A.
1107 2699 1131 2724 8,
1247 2699 1290 2730 12)
1311 2698 1375 2723 ΜΘ.
1394 2697 1482 2730 Epist.
1498 2697 1546 2727 VJ,
1563 2696 1638 2728 367f.
1662 2695 1710 2720 Nr.
1724 2695 1780 2719 590.

145 2747 236 2780 (αἶ-Ε.
250 2747 348 2780 2664).
464 2748 507 2780 13)
525 2747 580 2780 Vyz.
600 2747 712 2772 Schriirs
729 2745 758 2770 S.
770 2745 805 2770 68
821 2744 878 2769 und
895 2744 929 2769 A.
946 2744 985 2768 75.
1100 2744 1144 2774 14)
1166 2742 1274 2775 Synode
1287 2750 1336 2767 von
1349 2741 1476 2767 Soz'ssons
1489 2741 1549 2766 866.
1665 2740 1707 2770 15)
1726 2738 1780 2769 Vyl.

142 2791 207 2817 oben.
231 2791 280 2817 Nr.
295 2792 346 2818 185
372 2792 400 2817 S.
415 2791 467 2818 188
489 2792 519 2817 Ζ.
535 2792 578 2817 23.
694 2791 735 2820 16)
757 2789 820 2815 MG.
846 2788 934 2821 Epist.
957 2787 1005 2816 VI,
1031 2787 1116 2820 404ff.
1142 2787 1191 2811 Nr.
1208 2786 1240 2812 71
1263 2785 1464 2818 (J.-E.2802).
1580 2785 1622 2815 17)
1640 2783 1694 2814 Vql.
1715 2782 1779 2807 oben

144 2835 258 2861 Nr.184
279 2836 307 2861 S.
322 2837 373 2861 175
392 2836 422 2861 Ζ.
436 2836 486 2865 33;
509 2836 559 2861 Nr.
576 2836 627 2861 185
648 2834 742 2859 Ν,189
761 2833 791 2858 Z.
806 2832 848 2857 27.
