2220 3192
338 316 413 346 866.

225 376 273 398 vm.
283 376 349 395 Prov.
357 376 393 400 21,
401 376 421 396 9.

225 491 418 516 vgl.1.'1'im.4,1.

438 224 498 252 196
962 220 1148 247 HINKMAR
1168 221 1246 247 VON
1267 221 1386 248 REIMs
1409 223 1557 248 187—188.

437 325 531 355 quae,
545 313 571 344 si
583 313 624 344 ad
638 312 696 342 hoc
710 311 847 347 venerit,
863 309 1049 351 probabunt
1061 309 1225 351 sapientes
1237 314 1336 351 atque
1349 310 1509 342 catholici.
1526 310 1603 341 Mihi
1617 311 1655 341 de
1669 310 1772 341 tantis
1784 320 1821 340 ac
1835 309 1956 341 talibus
1969 309 2079 341 taliter

436 366 588 408 impetito
599 364 721 395 sufficit
732 364 838 394 sedere
850 363 883 394 in
893 362 1013 404 angulo
1024 363 1165 394 domatis
1175 366 1208 394 et
1220 374 1284 394 non
1293 374 1456 395 conserere
1466 363 1718 395 contentionum
1730 373 1847 394 manus
1856 373 1934 394 cum
1946 362 2079 394 muliere

435 419 573 459 litigiosa
590 418 624 448 in
640 418 737 447 domo
753 416 939 454 communi3
957 420 991 447 et
1007 416 1142 453 sufficit,
1161 420 1199 447 ut
1215 416 1258 447 sit
1276 417 1355 448 mihi
1370 417 1481 448 anima
1500 428 1570 448 mea
1589 427 1646 458 pro
1663 415 1777 457 spoli0.

523 480 607 510 Nam
629 479 717 509 idem
741 477 950 509 Gotescalcus
970 477 1022 509 vel
1041 478 1118 519 quia
1139 478 1206 510 iam
1226 482 1359 520 tempus
1380 483 1439 516 est,
1463 482 1500 509 ut
1519 478 1642 514 veniat,
1663 477 1752 519 quod
1773 477 1895 510 Paulus
1917 478 2079 519 praedixit

432 532 600 574 apostolus
613 532 651 562 de
668 531 794 562 ultimis
808 531 1023 573 temporibus,
1038 531 1090 563 vel
1102 531 1225 563 invidia
1240 533 1314 569 mei,
1328 532 1423 573 quasi
1438 543 1488 563 me
1503 535 1630 572 tangat,
1644 531 1733 572 quod
1745 531 1837 562 iussu
1849 531 2075 572 episcoporum
2102 543 2115 563 5

433 586 527 617 illum
543 585 703 622 custodio,
723 584 844 615 dicitur
863 584 985 616 multos
1002 585 1117 616 habere
1137 585 1290 622 fautores,
1310 585 1395 616 sicut
1412 585 1528 616 habuit
1545 585 1707 616 domnum
1726 583 1975 621 Prudentiuml,
1994 584 2080 616 sicut

433 638 574 679 scripta²
595 638 698 679 ipsius
718 641 895 675 testantur,
916 649 1000 679 quae
1020 649 1039 669 a
1060 637 1219 680 pluribus,
1240 639 1297 679 qui
1318 638 1373 669 illa
1393 638 1525 675 habent,
1548 642 1686 679 possunt
1707 638 1853 679 proferri.
1883 637 1946 674 Qui
1966 638 2078 675 etiam,

432 691 582 723 videlicet
604 692 746 722 domnus
765 691 975 728 Prudentius,
999 692 1033 722 in
1056 691 1168 723 annali
1186 695 1352 732 gestorum
1371 695 1558 722 nostrorum
1576 702 1700 732 regum,
1719 702 1803 732 quae
1821 691 2018 732 composuit,
2038 691 2079 722 ad

431 745 693 776 confirmandam
710 755 806 776 suam
823 745 1023 776 sententiam
1039 745 1137 786 gestis
1154 745 1233 776 anni
1251 745 1434 776 dominicae
1451 744 1685 776 incarnationis
1694 744 1944 776 DCCCLVIIII.
1960 744 2080 775 indidit

432 799 556 829 dicens:
576 798 733 828 Nicolaus³
751 801 881 836 pontifex
896 802 1043 828 Romanus
1060 802 1095 828 de
1113 803 1205 835 gratia
1220 802 1272 828 Dei
1290 804 1319 828 et
1336 801 1424 828 libero
1442 802 1569 831 arbitrio,
1588 801 1623 827 de
1641 802 1763 828 veritate
1780 802 1909 835 geminae
1926 800 2080 835 praedesti·
2107 808 2134 827 io

433 855 557 881 nationis
572 858 602 880 et
618 852 658 882 de
675 856 812 888 sanguine
828 855 941 886 Christi,
958 857 991 881 ut
1006 863 1057 889 pro
1073 855 1253 882 credentibus
1269 855 1401 881 omnibus
1416 855 1497 881 fusus
1512 855 1559 885 sit,
1576 854 1696 881 fideliter
1718 854 1869 881 confirmat
1890 857 1920 881 et
1943 854 2080 881 catholice

432 909 567 935 decernit.
592 905 686 942 Quod
704 916 760 946 per
776 905 879 936 alium
897 916 962 936 non
978 905 1167 936 audivimus
1185 915 1242 936 nec
1258 904 1336 936 alibi
1352 904 1500 945 legimus.
1517 904 1612 936 Unde
1628 904 1787 945 quoniam
1803 905 1874 946 ipsa
1890 907 1991 945 gesta,
2008 904 2079 945 qui-

432 958 493 989 bus
512 958 589 989 haec
608 959 794 999 conscripta
814 962 904 996 sunt,
925 958 993 989 iam
1012 959 1047 989 in
1068 957 1287 999 plurimorum
1309 969 1426 989 manus
1446 958 1660 995 devenerunt,
1682 969 1808 989 necesse
1828 961 1889 994 est,
1912 961 1950 988 ut
1969 956 2080 988 taliter

432 1012 470 1042 de
486 1011 545 1043 hoc
559 1012 680 1042 domno
696 1011 874 1053 apostolico
890 1012 1080 1052 suggeratis,
1098 1022 1137 1043 ne
1153 1011 1345 1042 scandalum
1361 1011 1435 1042 inde
1451 1011 1486 1042 in
1501 1010 1634 1042 ecclesia
1648 1011 1771 1048 veniat,
1787 1010 1882 1052 quasi
1897 1011 1976 1052 ipse,
1992 1011 2079 1051 quod

431 1065 528 1101 absit,
545 1064 625 1096 talia
641 1065 726 1096 sicut
742 1064 950 1096 Gotescalcus
966 1065 1098 1096 sentiat.
1114 1065 1158 1096 Et
1174 1075 1295 1106 precor,
1313 1068 1351 1095 ut
1365 1065 1403 1095 de
1421 1075 1492 1095 mea
1509 1068 1601 1105 parte
1618 1063 1699 1095 nihil
1713 1064 1742 1095 ei
1757 1065 1884 1101 dicatis
1900 1064 1978 1105 quia
1992 1074 2079 1095 com·
2108 1073 2134 1093 15

434 1122 564 1149 motum
582 1118 703 1149 dicitur
722 1117 837 1149 habere
858 1129 956 1149 suum
975 1119 1127 1149 animum
1146 1111 1221 1158 erga
1243 1129 1293 1149 me
1315 1117 1428 1148 multis
1447 1118 1488 1149 ad
1508 1128 1585 1149 eum
1604 1121 1719 1149 contra
1741 1129 1791 1149 me
1812 1116 2029 1149 scribentibus
2048 1121 2081 1148 et

434 1171 513 1203 mihi
531 1171 774 1212 derogantibus,
794 1182 832 1202 ne
851 1171 1042 1202 scandalum
1060 1171 1134 1202 inde
1152 1171 1187 1202 in
1207 1182 1257 1202 me
1275 1175 1473 1212 retorqueat,
1494 1171 1578 1202 unde
1595 1171 1731 1212 culpam
1749 1182 1815 1202 non
1832 1170 1944 1202 habeo.
1964 1171 2081 1212 Ipsum

432 1228 546 1256 autem
561 1224 690 1261 annale,
702 1225 790 1265 quod
805 1225 887 1262 dico,
900 1235 957 1255 rex
972 1225 1080 1261 habet,
1091 1228 1125 1255 et
1141 1224 1208 1266 ipse
1225 1227 1275 1254 est
1291 1223 1344 1256 ille
1360 1224 1450 1261 liber,
1466 1235 1565 1265 quem
1580 1235 1691 1256 coram
1706 1224 1799 1256 vobis
1814 1224 1849 1255 in
1864 1223 2007 1261 ecclesia,
2026 1223 2081 1255 ubi

431 1289 489 1309 vos
512 1277 603 1309 nobis
624 1278 880 1315 commendavit,
908 1289 1019 1309 coram
1039 1278 1131 1309 vobis
1159 1278 1200 1309 ab
1226 1277 1280 1309 illo
1300 1278 1379 1309 mihi
1399 1278 1595 1319 praestitum
1614 1278 1642 1309 ei
1663 1278 1798 1309 reddidi.
1818 1277 1916 1310 Plura
1942 1277 2080 1318 denique

433 1331 526 1363 vobis
545 1331 583 1362 de
606 1331 676 1372 ipso
699 1331 887 1363 Gotescalco
909 1331 1044 1362 scribere
1068 1335 1228 1372 poteram,
1249 1341 1351 1371 quam
1375 1331 1571 1372 pernitiosus
1587 1331 1641 1368 sit,
1657 1335 1692 1362 et
1715 1331 1820 1362 multo
1838 1331 1940 1372 magis
1963 1331 2081 1362 noxius
2108 1339 2135 1358 20

432 1385 495 1416 erit
512 1383 636 1421 multis,
653 1385 679 1415 si
694 1383 736 1415 ab
751 1384 821 1425 ipsa
836 1384 986 1415 custodia
1002 1384 1101 1415 fuerit
1115 1384 1297 1420 absolutus,
1313 1384 1390 1425 quia
1407 1395 1464 1426 pro
1479 1388 1568 1415 certo
1587 1384 1667 1416 talia
1688 1385 1767 1416 dicit
1786 1388 1819 1415 et
1838 1383 1917 1416 talia
1936 1384 2026 1421 facit,
2047 1384 2081 1414 in

433 1437 552 1479 quibus
572 1441 605 1468 et
624 1438 662 1468 de
677 1437 797 1478 quibus
817 1437 983 1468 evidenter
1001 1438 1207 1478 cognoscitur
1221 1441 1281 1468 aut
1295 1437 1526 1468 daemoniacus
1541 1449 1607 1468 esse
1622 1442 1682 1469 aut
1698 1438 1909 1475 maniaticus3
1928 1441 1961 1468 et
1979 1437 2080 1474 scitis,

433 1491 591 1532 quoniam
611 1491 720 1522 mania
738 1502 805 1521 esse
825 1502 891 1522 non
909 1490 990 1522 solet
1007 1490 1128 1532 absque
1146 1491 1312 1522 daemone.

523 1552 567 1583 Et
582 1553 609 1583 si
620 1553 632 1571 ⁴
646 1552 765 1594 aliquis
779 1563 837 1583 vos
852 1553 1100 1593 interrogaverit
1113 1553 1152 1584 de
1168 1553 1271 1594 ipsius
1285 1552 1446 1589 custodia,
1458 1552 1559 1584 talem
1573 1564 1640 1584 esse
1655 1554 1813 1585 veraciter
1827 1552 1874 1585 illi
1889 1553 2080 1594 respondere

435 1606 586 1648 potestis:
615 1606 775 1647 Quicquid
791 1607 906 1637 fratres
921 1606 956 1637 in
969 1606 1041 1637 cibo
1056 1610 1089 1637 et
1105 1610 1187 1648 potu
1202 1605 1334 1643 habent,
1350 1606 1408 1637 hoc
1424 1606 1453 1637 ei
1467 1606 1585 1637 cotidie
1601 1606 1669 1637 sine
1687 1606 1752 1638 ulla
1769 1606 1969 1648 neglegentia
1986 1606 2081 1637 mini·
2108 1613 2135 1633 25

434 1663 569 1690 stratur.
588 1659 794 1691 Vestimenta
813 1659 859 1691 illi
877 1660 919 1691 ad
937 1659 1171 1691 sufficientiam
1190 1658 1386 1696 offeruntur,
1405 1659 1432 1690 si
1450 1659 1525 1691 vult
1543 1659 1596 1691 ille
1614 1660 1769 1702 accipere.
1790 1660 1892 1702 Ligna
1910 1660 1952 1692 ad
1971 1659 2081 1691 focum

435 1713 622 1744 faciendum
640 1712 686 1744 illi
704 1712 905 1744 sufficienter
922 1713 1054 1744 dantur.
1074 1713 1114 1744 In
1134 1713 1313 1750 mansione,
1332 1713 1366 1744 in
1383 1723 1448 1753 qua
1466 1713 1571 1753 deget,
1588 1713 1792 1745 caminatam
1809 1713 1907 1745 habet
1923 1717 1957 1744 et
1976 1724 2081 1744 neces-

434 1766 569 1798 sarium.
590 1767 734 1797 Lavacra
753 1766 800 1797 illi
821 1777 887 1797 non
905 1766 1119 1807 denegantur,
1139 1767 1194 1797 sed
1214 1770 1391 1807 postquam
1410 1765 1445 1796 in
1463 1767 1601 1798 eandem
1623 1767 1827 1798 mansionem
1846 1767 1995 1803 intravit,
2016 1777 2082 1797 non

435 1819 541 1851 solum
554 1830 673 1860 corpus
687 1819 795 1851 lavare
811 1819 928 1857 noluit,
942 1830 1058 1851 verum
1073 1830 1130 1851 nec
1147 1830 1264 1851 manus
1280 1830 1336 1850 nec
1352 1819 1479 1851 faciem.
1508 1821 1614 1851 Antea
1627 1821 1728 1857 enim,
1743 1820 1829 1852 sicut
1842 1819 1889 1852 illi
1903 1823 2080 1857 testantur,

434 1874 520 1904 inter
536 1884 618 1914 quos
633 1876 845 1904 conversatus
861 1876 943 1910 erat,
960 1873 1039 1904 satis
1055 1876 1126 1904 erat
1142 1873 1353 1914 turpissimus
1370 1876 1403 1903 et
1418 1873 1524 1904 adhuc
1541 1877 1707 1914 quantum
1725 1877 1834 1915 potest
1850 1873 1885 1904 in
1900 1884 1960 1904 sua
1977 1873 2081 1914 turpi·
2108 1879 2135 1898 3⁰

434 1927 550 1957 tudine
567 1930 688 1957 manet.
709 1926 753 1957 Et
768 1926 888 1963 sciatis,
903 1926 981 1968 quia
998 1920 1143 1958 maxima
1164 1926 1278 1957 nausia
1298 1926 1333 1957 in
1352 1925 1415 1956 ista
1435 1926 1567 1957 ecclesia
1585 1927 1858 1964 commovebitur,
1879 1927 1906 1958 si
1925 1927 1966 1958 ad
1986 1937 2081 1967 syno-

435 1981 516 2011 dum
537 1980 646 2010 venire
671 1980 777 2010 iussus
800 1980 899 2011 fuerit
920 1983 980 2011 aut
995 1980 1033 2011 de
1050 1980 1121 2021 ipsa
1135 1979 1284 2011 custodia
1299 1978 1470 2010 absolutus
1485 1980 1644 2011 extiterit.
1668 1981 1758 2017 Quae
1776 1991 1841 2011 non
1857 1991 1915 2022 pro
1933 1991 1983 2011 me
1998 1980 2080 2016 dico,

435 2033 512 2074 quia
530 2032 619 2065 nulla
637 2033 716 2064 mihi
732 2033 807 2064 inde
823 2037 872 2064 est
887 2044 965 2064 cura
984 2033 1045 2064 nisi
1062 2043 1120 2074 pro
1136 2032 1218 2070 aliis,
1230 2033 1285 2063 sed
1295 2043 1352 2063 vos
1369 2032 1548 2073 probabitis
1567 2044 1616 2064 me
1627 2045 1743 2064 verum
1758 2034 1872 2065 dicere.
1890 2033 1982 2064 Tales
1993 2033 2080 2064 enim

436 2090 580 2127 surgent.
599 2086 656 2127 qui
674 2087 780 2117 adhuc
799 2085 916 2117 latent.

1228 2256 1295 2285 188.

521 2316 716 2347 hastrut-tion
740 2317 914 2347 Hinlrmars
937 2316 989 2354 fiir
1012 2316 1191 2354 Erzbz‘schos
1213 2316 1303 2357 qu‘lo
1325 2327 1383 2347 von
1406 2316 1485 2347 Sem·
1507 2315 1579 2346 iiber
1599 2315 1789 2347 Gottschallrs
1812 2315 1954 2346 Irrlehre.
2107 2325 2134 2345 35

1107 2375 1110 2377 ’
1750 2369 1925 2409 September
1946 2369 2017 2400 866.

532 2430 611 2455 Hss.:
628 2430 704 2455 Laon
716 2430 768 2455 407
783 2430 824 2455 Bc.
835 2431 960 2458 12—18‘.
977 2432 1001 2456 9.
1013 2430 1060 2456 Jh.
1077 2431 1145 2463 (B).
1164 2430 1252 2456 kollat.
1271 2431 1304 2456 A.
1316 2431 1345 2456 V.
1359 2431 1475 2459 Mallem
1495 2431 1577 2456 Paris
1591 2430 1656 2456 Coll.
1671 2431 1776 2463 Dupuy
1787 2431 1812 2460 9,
1826 2431 1867 2456 17.
1881 2430 1927 2455 Jh.
1947 2430 2013 2461 (aus
2026 2431 2082 2463 B),-

442 2474 543 2499 Dubh'n
565 2474 677 2506 'J'rinity
693 2474 794 2506 Colleye
811 2475 841 2499 G.
855 2475 879 2500 1.
897 2475 941 2504 20,
958 2475 1000 2500 17.
1014 2474 1061 2500 Jh.
1081 2475 1148 2507 (aus
1166 2475 1215 2507 B).

532 2536 652 2561 Druck-e:
669 2536 807 2564 Sirmond.
825 2536 934 2561 Hincm.
951 2545 1033 2569 opera
1050 2537 1093 2564 II,
1110 2536 1162 2562 293
1181 2537 1247 2569 (aus
1266 2537 1321 2570 B)‚·
1339 2537 1434 2569 Miyne
1450 2536 1511 2567 126,
1529 2537 1570 2562 71.

531 2598 641 2623 Schfrbrs
665 2598 800 2629 Re9.197.
2107 2603 2135 2623 40
2190 2625 2191 2635 ¹

535 2723 559 2754 l)
582 2722 614 2747 B.
633 2731 683 2747 von
703 2723 814 2755 Troyes.
833 2723 880 2755 1191.
899 2723 964 2748 oben
980 2723 1008 2748 S.
1023 2723 1057 2748 24
1075 2724 1108 2749 A.
1122 2724 1146 2749 2.
1264 2725 1291 2755 2)
1312 2724 1408 2756 Miqne
1425 2724 1485 2753 115,
1498 2723 1549 2749 971
1557 2723 1585 2756 ff.
1602 2723 1660 2748 und
1681 2723 1744 2749 MG.
1764 2724 1835 2757 Epp.
1850 2724 1880 2753 V,
1896 2724 1973 2756 3231.
1988 2724 2081 2756 6321,-

442 2775 462 2790 s.
480 2766 548 2791 auch
569 2770 649 2791 ‘aarum
669 2767 703 2792 A.
716 2767 741 2791 3.
854 2767 881 2798 3)
902 2767 976 2792 Ann-
1002 2768 1105 2792 Berlin.
1123 2768 1176 2793 859
1195 2768 1233 2793 ed.
1256 2768 1339 2794 Waz'tz
1355 2768 1383 2793 S.
1397 2768 1439 2793 53.
1552 2768 1579 2799 4)
1603 2767 1657 2800 Vql.
1681 2767 1770 2793 hierzu
1790 2767 1905 2799 Traube,
1925 2768 1987 2793 ΜΟ.
2007 2768 2079 2793 Poor.

443 2810 488 2835 lat.
509 2810 569 2837 III.
593 2811 644 2835 71⁴1
667 2819 691 2835 η.
707 2811 741 2835 23
758 2811 815 2835 wid
833 2811 867 2836 A.
881 2811 904 2836 1.
