2220 3192
63 807 89 826 10

59 1072 88 1091 15

61 1337 89 1356 20

62 1603 88 1622 2⁵

59 1868 89 1888 80

68 2133 94 2152 35

64 2451 91 2470 40

684 212 869 237 HINKMAR
891 211 969 237 VON
991 211 1110 237 REIMS
1133 212 1192 237 126.
1722 210 1761 239 63

602 310 742 335 DOMINO
764 309 941 335 01031050
961 310 1070 335 sALUS
1090 309 1134 334 ET
1152 309 1255 334 VITA.1
1788 306 1862 337 859.

197 370 268 402 Scio
286 382 344 402 vos
361 371 467 403 dolere
486 372 525 403 de
542 365 614 403 istis
630 371 734 410 malis,
752 383 836 413 quae
853 383 918 403 non
934 371 1040 404 solum
1056 383 1075 403 a
1092 372 1255 413 paganis2,
1273 372 1339 410 sed,
1358 373 1446 413 quod
1462 372 1566 413 magis
1581 372 1765 403 timendum

113 428 146 454 et
163 423 341 456 dolendum
359 428 418 461 est,
438 435 458 456 a
476 424 668 456 Christianis
685 425 720 456 in
738 436 836 466 regno
855 429 963 456 vestro
982 425 1067 456 fiunt
1085 428 1127 462 et,
1148 425 1235 466 quod
1254 425 1322 456 sine
1340 426 1582 466 comparatione
1601 424 1674 466 plus
1692 425 1763 456 hor-

112 477 249 509 rendum
270 481 304 508 et
325 477 558 509 detestandum
579 482 679 519 atque
700 479 1002 520 reprehendendum
1023 482 1082 515 est,
1103 478 1138 509 in
1159 477 1283 520 palatio
1305 481 1425 516 vestro,
1448 478 1536 519 quod
1558 489 1686 510 sacrum
1707 489 1764 520 ap-

112 529 224 572 pellari
242 533 276 561 et
294 541 362 561 esse
381 530 479 561 debet
487 531 510 565 ³,
531 534 565 562 et
582 531 617 562 in
634 530 723 569 locis,
743 531 800 562 ubi
818 542 876 562 vos
895 531 972 562 estis
990 535 1023 562 et
1041 542 1097 572 per
1117 542 1199 572 quae
1218 531 1404 563 ambulatis.
1425 532 1499 563 Non
1517 532 1604 563 enim
1622 531 1689 562 sine
1707 543 1763 573 pa—

112 593 188 614 vore
209 594 264 614 cor
286 587 433 614 vestrum
453 584 591 615 transire
613 588 732 625 potest,
756 585 843 625 quod
866 584 1027 616 Dominus
1048 595 1104 625 per
1126 584 1258 615 Esaiam
1279 584 1373 616 dicit:
1393 584 1536 626 ‘Rapina
1557 584 1708 626 pauperis
1728 585 1762 616 in
1778 593 1840 617 1⁸.3‚
1855 594 1889 612 14-

111 636 207 667 domo
229 636 349 667 vestra’
365 636 411 667 ‘et
426 647 523 667 causa
538 637 656 668 viduae
678 648 744 668 non
764 637 943 678 ingreditur
964 637 1007 668 ad
1028 637 1109 674 eos'3
1131 641 1178 667 et:
1199 637 1237 668 ‘A
1262 637 1375 678 planta
1396 638 1486 679 pedis
1508 648 1609 679 usque
1630 638 1672 669 ad
1694 649 1763 669 ver·
1779 632 1809 679 {21
1821 633 1842 683 {J
1852 632 1889 679 {3

111 688 210 720 ticem
229 700 294 719 non
314 692 364 719 est
383 689 417 720 in
437 689 497 726 eo',
518 689 551 720 id
571 693 621 721 est
639 690 674 720 in
692 700 791 730 regno
810 690 884 727 isto,
903 689 1062 720 ‘sanitas'.
1084 689 1128 720 Et
1147 689 1242 721 item:
1260 689 1481 722 ‘Adulterium
1500 694 1533 722 et
1552 691 1763 722 homicidium
1778 699 1815 718 Os.
1828 700 1849 723 4,
1861 699 1880 718 2.

112 745 146 773 et
162 742 295 783 rapinae
313 742 568 779 inundaverunt,
588 746 622 774 et
639 743 770 784 sanguis
788 743 979 783 sanguinem
996 742 1127 782 tetigit²,
1146 742 1180 773 id
1198 746 1248 773 est
1266 743 1387 774 crimen
1404 744 1529 775 crimini
1549 755 1581 775 se
1599 744 1761 776 adiunxit.

112 794 157 826 Et
175 794 387 826 manifestum
406 798 466 832 est,
487 796 563 836 quia
584 795 639 826 ubi
658 795 737 827 talia
757 799 844 833 sunt,
865 796 953 826 Deus
973 795 1033 826 nisi
1052 795 1095 826 ad
1113 795 1270 827 iudicium
1289 806 1356 827 esse
1375 807 1440 827 non
1460 800 1579 838 potest.
1601 797 1663 834 Qui
1682 797 1764 829 item

112 859 168 889 per
188 848 384 889 prophetam
405 848 485 880 dicit
505 849 548 880 ad
569 859 632 886 eos,
655 849 711 889 qui
731 849 765 879 in
786 849 892 880 medio
913 847 1031 879 talium
1051 851 1159 879 erant:
1180 848 1331 890 ‘Propter
1352 849 1462 890 quod',
1483 850 1642 890 inquienS,
1662 849 1762 881 ‘exite
1777 872 1797 895 s,
1810 844 1895 892 1³7ch
1905 871 1939 891 13·

112 901 151 932 de
170 901 276 933 medio
296 912 408 933 eorum
428 905 462 932 et
479 901 676 933 inmundum
695 912 735 932 ne
754 901 936 942 tetigeritis,
957 904 991 932 et
1009 911 1067 942 ego
1087 901 1241 942 recipiam
1260 912 1318 932 vos
1337 905 1371 932 et
1389 902 1581 934 inhabitabo
1600 903 1684 934 inter
1704 913 1762 934 vos

112 958 145 986 et
165 965 218 986 ero
240 954 334 985 vobis
354 954 387 985 in
409 955 526 992 Deum,
549 958 583 986 et
603 965 662 985 vos
682 954 771 986 eritis
792 954 890 986 michi
910 955 943 985 in
965 953 1047 985 filios
1068 957 1102 984 et
1122 953 1225 985 filias?
1249 954 1356 985 Nichil
1376 955 1462 986 enim
1483 959 1533 986 est
1553 955 1652 993 aliud,
1674 957 1762 997 quod

110 1007 165 1039 isti
193 1007 328 1044 faciunt,
358 1007 419 1038 nisi
449 1008 631 1049 praecursio
653 1007 814 1038 exercitus
835 1007 1028 1044 antichristi,
1052 1007 1142 1037 cuius
1164 1017 1244 1038 voce
1265 1007 1391 1038 dictum
1413 1011 1476 1039 est:
1497 1008 1585 1039 ‘Non
1607 1009 1762 1040 movebor
1780 1018 1814 1038 cs,
1827 1018 1846 1042 9,
1860 1019 1880 1037 6.

111 1072 130 1092 a
147 1060 355 1102 generatione
373 1061 406 1092 in
426 1061 668 1101 generationem
685 1060 752 1092 sine
770 1060 879 1097 malo’,
898 1060 931 1091 id
949 1064 999 1091 est
1015 1063 1111 1091 tanta
1130 1059 1216 1091 mala
1234 1060 1353 1091 faciam
1369 1060 1403 1091 in
1422 1072 1486 1091 uno
1505 1061 1585 1098 loco,
1605 1065 1652 1099 ut,
1671 1065 1763 1093 ante-

111 1124 211 1155 quam
231 1113 274 1144 ad
296 1113 396 1145 alium
416 1113 524 1146 locum
545 1114 684 1150 veniam,
707 1113 890 1145 adventum
910 1124 1020 1145 meum
1040 1113 1085 1144 ibi
1106 1112 1295 1144 habitantes
1315 1113 1466 1152 timeant,
1488 1114 1573 1145 sicut
1593 1117 1627 1145 et
1648 1118 1763 1156 postea

110 1166 262 1199 sentient.
286 1166 381 1199 Unde
406 1167 521 1199 timere
546 1178 605 1198 vos
628 1166 706 1204 scio,
732 1166 821 1208 quod
845 1166 950 1198 omnis
974 1169 1107 1208 propter
1132 1166 1193 1198 hoc
1217 1166 1410 1208 deprecatur
1434 1166 1582 1198 ecclesia:
1605 1167 1760 1208 ‘Exurge,

110 1220 239 1252 domine
259 1220 357 1257 Deus,
378 1220 542 1252 exaltetur
564 1231 680 1252 manus
701 1220 783 1257 tua’,
805 1220 838 1251 id
862 1223 911 1251 est
933 1220 975 1250 ad
995 1219 1185 1257 vindictam,
1210 1220 1261 1251 ‘ne
1284 1219 1483 1251 obliviscaris
1507 1231 1683 1261 pauperem
1706 1232 1762 1262 po-

111 1273 245 1315 pulum’.
272 1273 316 1304 Et
336 1274 507 1311 Dominus,
527 1274 583 1315 qui
608 1284 673 1304 non
698 1273 866 1309 mentitur,
892 1273 1091 1314 repromittit
1116 1273 1240 1304 dicens:
1263 1272 1415 1314 ‘Propter
1439 1273 1602 1305 miseriam
1626 1274 1761 1315 inopum
1778 1283 1812 1302 Ps.
1826 1284 1860 1306 11,
1874 1284 1893 1302 6.

111 1330 145 1358 et
161 1326 318 1368 gemitum
337 1337 519 1368 pauperum
537 1337 623 1358 nunc
640 1337 807 1367 exurgam,
826 1326 905 1357 dicit
924 1326 1105 1363 Dominus',
1124 1326 1157 1357 id
1175 1329 1225 1357 est
1242 1325 1307 1358 iam
1325 1327 1455 1367 iamque
1473 1327 1506 1357 in
1524 1327 1672 1368 proximo
1690 1327 1760 1358 vin-

111 1380 233 1411 dictam
251 1380 417 1411 exercebo.
438 1380 483 1411 Et
501 1391 559 1421 pro
577 1378 699 1411 talibus
718 1383 751 1411 et
769 1379 818 1410 his
837 1378 996 1410 similibus
1015 1390 1073 1409 vos
1091 1379 1342 1410 contristantem
1361 1380 1463 1410 sciens
1482 1379 1578 1411 simul
1595 1391 1669 1411 cum
1689 1391 1760 1421 pec-

110 1433 192 1464 catis
214 1433 294 1464 meis
318 1436 352 1464 et
374 1444 450 1464 cum
473 1432 714 1464 adflictionibus
738 1431 851 1474 populi
874 1432 972 1463 michi
995 1433 1128 1472 indigno
1152 1432 1315 1464 commissi
1338 1433 1512 1473 gemitibus
1536 1433 1652 1464 vestris
1675 1444 1761 1465 com-

112 1486 218 1528 patior
242 1489 276 1517 et
299 1497 457 1527 gemescO.
485 1485 547 1518 Sed
570 1486 714 1517 invenire
738 1496 805 1516 non
829 1496 971 1526 possum,
997 1485 1136 1526 qualiter
1160 1496 1212 1517 me
1236 1485 1332 1516 nimis
1355 1486 1491 1517 anxium
1514 1497 1572 1527 pro
1596 1490 1704 1517 vestro
1729 1490 1762 1517 et

111 1550 182 1570 meo
208 1539 349 1580 periculo
374 1543 408 1570 et
432 1540 536 1570 totius
560 1539 671 1581 populi
690 1539 871 1580 perditione
896 1542 995 1579 atque
1015 1538 1200 1570 adflictione
1226 1538 1319 1570 aliter
1344 1538 1472 1570 valeam
1496 1538 1664 1576 consolari,
1690 1539 1761 1577 11151,

112 1592 187 1634 quia
210 1592 287 1623 viva
310 1603 389 1623 voce
412 1603 478 1623 non
501 1603 643 1634 possum,
666 1602 726 1623 vos
748 1591 865 1623 litteris
887 1592 961 1623 inde
984 1603 1210 1623 commoneam
1232 1592 1365 1623 territus
1387 1603 1406 1623 a
1429 1596 1558 1633 pastore
1582 1596 1760 1633 pastorum,

1778 1164 1813 1184 Ps.
1826 1164 1861 1188 10,
1873 1164 1899 1183 12

1775 1195 1818 1209 see.
1829 1189 1901 1210 Hebr.

112 1645 167 1686 qui
189 1645 283 1677 dicit:
304 1645 558 1677 ‘Mercennarius
581 1649 614 1676 et
636 1645 692 1686 qui
714 1656 779 1676 non
803 1649 853 1676 est
875 1649 986 1686 pastor
1010 1645 1101 1676 videt
1122 1644 1237 1686 lupum
1260 1645 1445 1676 venientem
1468 1650 1501 1676 et
1524 1645 1662 1676 dimittit
1684 1656 1761 1676 oves
1778 1653 1924 1677 Ioh.10‚12.

111 1702 143 1729 et
158 1698 262 1739 fugit?
280 1698 388 1736 Fugit⁴
407 1705 516 1734 autem,
536 1703 604 1736 quia
622 1702 698 1729 vidit
711 1698 920 1739 iniquitatem
935 1704 966 1728 et
985 1703 1087 1733 tacuit,
1109 1698 1193 1728 vidit
1214 1702 1361 1739 raptores
1383 1702 1416 1729 et
1438 1698 1568 1740 rapinas
1590 1702 1624 1729 et
1638 1702 1761 1729 ceteras

111 1752 255 1783 miserias
276 1752 310 1782 in
333 1751 427 1793 plebe
449 1751 510 1783 sibi
532 1752 703 1784 commissa
726 1752 862 1783 crassari
884 1756 917 1782 et
940 1751 982 1782 ab
1005 1751 1228 1783 admonitione
1251 1751 1392 1782 reticuit.

193 1805 379 1846 Propterea,
401 1805 541 1842 domine,
563 1805 651 1846 quod
674 1804 779 1837 solum
802 1816 843 1836 ex
866 1805 927 1836 hoc
951 1804 1055 1843 valeo,
1080 1805 1174 1841 facio,
1198 1805 1232 1835 id
1256 1808 1306 1835 est
1330 1805 1389 1835 Dei
1414 1805 1664 1836 misericordiam
1687 1805 1760 1835 iude

112 1861 187 1899 peto
207 1862 240 1888 et
258 1868 317 1889 vos
335 1858 451 1890 exinde
469 1868 658 1890 commoneo
678 1862 712 1889 et
730 1869 786 1900 per
805 1857 909 1895 villas,
928 1858 962 1888 in
981 1857 1099 1899 quibus
1118 1869 1183 1888 non
1202 1857 1307 1889 solum
1325 1858 1471 1889 homines
1489 1857 1653 1889 caballarii
1662 1858 1685 1894 ⁵,
1705 1858 1760 1889 sed

111 1911 211 1942 etiam
228 1911 290 1952 ipsi
307 1911 496 1943 cocciones⁶
510 1911 640 1953 rapinas
655 1911 791 1948 faciunt,
807 1911 1046 1943 admonitiones
1061 1910 1256 1952 presbiteris,
1273 1915 1311 1941 ut
1330 1922 1383 1941 eas
1402 1911 1587 1952 raptoribus
1606 1910 1759 1951 relegant,

112 1964 223 2004 dirigo.
244 1965 391 2002 Quarum
410 1964 575 2006 exemplar
595 1965 811 1996 dominationi
826 1968 953 1995 vestrae
972 1964 1161 1996 transmitto
1172 1963 1194 1997 ⁷,
1216 1967 1254 1994 ut
1274 1968 1393 1995 secrete
1413 1975 1488 1995 eum
1507 1964 1646 1995 teneatis
1666 1968 1699 1995 et
1718 1964 1760 1995 ad

110 2016 251 2058 aliquem
266 2018 352 2049 diem
371 2017 512 2049 iubeatis
527 2018 636 2049 venire
656 2017 765 2049 fideles
780 2021 915 2055 vestros,
937 2018 1090 2054 dicenteS,
1112 2017 1188 2058 quia
1209 2017 1254 2048 eis
1274 2016 1507 2057 adcognitare⁸
1528 2017 1638 2054 vultis,
1660 2017 1759 2048 unde-

111 2081 248 2111 cumque
273 2070 367 2102 vobis
391 2070 500 2112 placet
523 2071 639 2108 dicere,
665 2074 700 2102 et
724 2075 903 2112 antequam
928 2071 967 2101 de
992 2074 1183 2112 paramento
1208 2074 1316 2101 vestro
1341 2071 1383 2101 ad
1408 2071 1590 2102 mansiones
1614 2070 1759 2107 redeant,

116 2127 318 2155 commonete
334 2135 387 2155 805
403 2124 581 2156 secundum
596 2124 792 2166 sapientiam
808 2124 900 2155 vobis
916 2135 935 2154 a
951 2124 1019 2155 Deo
1036 2124 1160 2155 datam.
1177 2123 1221 2154 Et
1236 2123 1384 2154 habeatis
1399 2123 1598 2155 avunculum
1613 2127 1759 2155 vestrum

111 2176 321 2209 Rodulfumss.
343 2177 400 2218 qui
420 2177 528 2209 Deum
546 2178 643 2209 timet
663 2181 697 2208 et
716 2177 840 2209 malum
860 2177 930 2207 odit
950 2180 983 2207 et
1003 2188 1061 2207 vos
1080 2187 1118 2207 ac
1138 2187 1272 2217 regnum
1292 2180 1438 2208 vestrum
1457 2187 1569 2208 carum
1588 2176 1697 2213 habet,
1719 2176 1758 2207 de
1774 2183 1964 2207 val-Prov.8‚1³

202 2319 227 2350 l)
245 2318 301 2351 Vql.
321 2318 385 2345 oben
404 2319 432 2345 S.
447 2319 483 2345 60
500 2319 535 2345 A.
549 2319 574 2344 1.
686 2320 713 2351 2)
734 2319 795 2345 Den
813 2319 1002 2348 Normannem
1021 2319 1069 2351 rql.
1092 2319 1129 2344 W.
1141 2319 1228 2351 Voqel,
1246 2319 1299 2344 Die
1318 2319 1497 2344 Normannen
1514 2318 1572 2344 und
1589 2318 1639 2343 das
1655 2318 1760 2350 friinkaess-

111 2362 169 2388 sche
189 2362 272 2389 Reich
293 2363 395 2396 (1906)
416 2364 445 2389 S.
460 2364 511 2389 165
518 2364 560 2397 ff.‚·
585 2363 728 2389 Diimmler
746 2363 762 2389 I
768 2363 788 2393 ²,
808 2363 869 2389 447.
970 2363 998 2394 3)
1018 2372 1130 2389 sacrum
1148 2363 1288 2396 palatium
1313 2363 1349 2388 ist
1370 2362 1758 2396 spc‘itantik-byzcmtinischev

117 2406 141 2432 U
143 2415 274 2440 r-sprunqs
286 2407 352 2441 (1]ῃῖ.
363 2407 514 2434 Forcellz'nz·
528 2416 549 2433 s.
565 2416 589 2434 v.
606 2408 761 2442 palatium)
777 2407 835 2433 und
847 2407 967 2440 beqeqnset
979 2407 1010 2432 in
1023 2407 1233 2440 karolinqischer
1244 2407 1303 2433 Zeit
1315 2407 1354 2432 im
1367 2406 1570 2432 Frankenreich
1583 2407 1657 2432 nicht
1669 2407 1761 2435 senen,-

113 2450 153 2476 bei
170 2451 308 2477 Hinlcmar
324 2452 355 2478 in
370 2452 422 2478 ‘De
437 2452 531 2478 ordine
547 2452 666 2486 palatii',
685 2452 749 2478 MG.
768 2452 859 2485 Capit.
872 2451 916 2481 II,
933 2452 986 2477 513
1000 2451 1023 2476 Z
1045 2452 1089 2482 14,
1105 2451 1158 2477 523
1173 2452 1204 2477 Z.
1218 2452 1260 2477 18.
1275 2452 1332 2484 qu.
1350 2451 1490 2477 besonders
1505 2451 1575 2477 auch
1591 2451 1622 2476 in
1636 2451 1695 2476 dem
1710 2459 1757 2475 von

111 2495 167 2520 ihm
181 2495 318 2529 verfassten
333 2496 594 2529 Synodal-schreiben
615 2505 666 2522 von
679 2496 796 2529 Quierzy
820 2496 900 2528 (oben
915 2495 965 2521 ΝΥ.
980 2496 1047 2529 115)
1065 2505 1124 2521 vom
1139 2496 1207 2521 Nov.
1224 2497 1287 2522 8515:
1302 2496 1441 2530 palatium
1456 2498 1583 2521 vestrum
1597 2495 1683 2520 debet
1700 2503 1759 2520 esse

111 2548 221 2565 sacrum
245 2543 276 2566 et
299 2549 358 2566 non
375 2541 553 2574 sacrilegum,
574 2541 639 2567 ΜΘ.
660 2541 751 2573 Capit.
765 2540 808 2570 ΙΙ,
828 2540 879 2565 431
905 2540 935 2565 Ζ.
948 2540 989 2572 31.
1120 2542 1148 2572 4)
1172 2540 1229 2573 Vyl.
1251 2541 1355 2573 Greqor.
1370 2540 1395 2565 I.
1418 2540 1510 2565 homil.
1524 2540 1558 2565 14
1579 2547 1601 2565 c.
1615 2540 1640 2569 2,
1664 2539 1760 2571 Miyne

115 2583 128 2608 5‘
130 2583 155 2614 6,
178 2584 258 2610 1128:
280 2585 366 2618 Fugit
387 2588 485 2611 autem
507 2594 564 2611 non
581 2585 720 2611 mutando
738 2584 841 2611 locum.
859 2584 909 2609 sed
926 2584 1120 2610 subtrahendo
1138 2585 1281 2610 solatium.
1301 2585 1396 2617 Fugit,
1415 2585 1481 2617 quia
1498 2584 1669 2609 iniustitiam
1687 2583 1760 2608 vidit

112 2631 141 2653 et
158 2629 258 2654 tacuit.
352 2630 380 2661 5)
397 2629 454 2662 Vyz.
474 2630 640 2663 Kapitulare
656 2638 707 2655 von
724 2629 834 2654 Aachen
854 2628 937 2661 (807)
955 2637 977 2653 c.
991 2628 1016 2658 3,
1034 2628 1099 2654 MG.
1117 2629 1208 2662 Capit.
1221 2628 1247 2659 I,
1265 2629 1328 2654 136:
1351 2629 1468 2654 comites
1484 2631 1514 2653 et
1530 2627 1644 2654 vassalli
1660 2627 1759 2653 nostri.

79 2677 91 2690 ³
114 2672 160 2705 qui
177 2672 312 2699 beneficia
328 2673 430 2699 habere
447 2673 591 2704 videntur,
609 2676 640 2699 et
659 2673 803 2700 caballarii
822 2688 857 2691 —
876 2681 921 2701 —,·
945 2672 1015 2698 auch
1034 2672 1117 2698 Edikt
1135 2681 1186 2698 von
1208 2673 1297 2699 Pftres
1318 2673 1401 2706 (864)
1422 2681 1443 2698 c.
1457 2672 1500 2701 26,
1526 2672 1590 2698 Mo.
1611 2671 1701 2704 Capit.
1715 2671 1759 2700 II,

113 2716 174 2742 321:
192 2725 327 2750 pagenses
347 2717 458 2747 Franci,
479 2718 527 2751 qui
547 2718 672 2744 caballos
689 2717 806 2743 habent.
900 2717 928 2747 6)
946 2716 1003 2749 Vql.
1022 2717 1069 2742 Du
1085 2717 1177 2750 Ca‘nqe
1191 2725 1212 2742 5,
1227 2726 1249 2742 v.
1340 2718 1367 2749 7)
1388 2717 1422 2742 D.
1436 2716 1461 2741 71..
1479 2716 1530 2742 den
1549 2716 1626 2748 Bries
1643 2715 1693 2741 ΝΥ.
1708 2714 1759 2740 125

113 2760 142 2785 in
158 2760 304 2794 Abschrift,
328 2762 378 2795 vql.
397 2762 462 2788 oben
479 2762 508 2788 S.
522 2762 558 2788 60
581 2762 615 2787 A.
629 2762 653 2787 1.
768 2763 794 2793 8)
818 2760 923 2786 Brrudcr
945 2760 991 2786 der
1007 2761 1139 2786 Kaiserin
1158 2761 1264 2787 Judithf.
1290 2761 1345 2793 1791,
1365 2760 1435 2786 auch
1453 2760 1518 2786 oben
1537 2760 1587 2785 Nr.
1602 2760 1653 2785 105
1672 2759 1700 2783 S.
1714 2758 1756 2783 51.

113 2804 252 2831 Du‘mmler
264 2805 305 2833 12,
326 2806 378 2831 422
398 2806 432 2831 A.
446 2806 471 2831 2.
