2220 3192
634 205 820 231 HINKMAR
840 205 918 232 VON
939 205 1059 231 REIMS
1081 205 1229 231 135—136.
1711 201 1749 232 87

107 298 303 328 ecelesiastica,
318 297 378 323 sive
401 306 498 323 meam
518 297 679 331 suscipiatis
693 298 896 332 scripturam,
918 298 1006 324 etiam
1025 301 1055 324 et
1077 298 1192 324 minime
1213 297 1319 324 fuerint
1339 297 1456 328 directa,
1477 296 1530 322 sub
1551 299 1635 322 tanto
1658 296 1749 323 mode·
1776 296 1850 326 860,

108 352 214 379 tamine
231 350 359 376 debeatis
376 349 708 384 inpendere,.quatenus‚
727 351 750 376 si
769 351 817 384 qui
834 351 937 377 furtisss
955 351 1074 385 publicis
1090 351 1220 385 inplicati
1237 354 1314 381 sunt,
1333 359 1349 376 a
1366 349 1449 376 nobis
1466 358 1523 376 non
1540 349 1693 376 videantur
1709 349 1750 375 in-

108 406 180 431 iuste
198 403 321 434 defendi,
340 411 374 429 ne
394 403 556 436 opinionem
576 403 647 429 male
663 404 808 437 agentium
825 412 861 429 ex
879 404 1068 430 indiscretaeb
1086 404 1256 430 defensionis
1274 412 1345 430 ausu
1362 403 1393 429 in
1411 411 1462 429 nos
1480 402 1538 429 ullo
1557 402 1642 428 modo
1660 406 1750 429 trans-

108 458 240 488 feramus,
260 455 309 482 sed
330 458 471 490 quantum
490 455 573 482 decet
592 455 738 482 ecclesiam
765 456 953 487 admonendo,
981 456 1100 483 verbum
1118 457 1326 483 intercessionis
1345 456 1507 483 adhibendo
1528 455 1631 490 quibus
1651 456 1752 482 valetis

70 518 82 538 5
109 510 271 540 succurrite,
286 512 320 535 ut
334 511 365 534 et
378 508 432 534 iilis
450 517 534 542 opem
552 508 650 535 feratis
668 512 697 535 et
716 509 877 543 opinionem
895 512 1010 536 sanctae
1028 510 1161 536 ecclesiae
1179 518 1236 536 non
1254 509 1417 543 inquinetis.
1439 505 1512 535 Sedl
1530 511 1560 535 et
1577 508 1613 534 de
1631 508 1684 539 his,
1704 509 1752 542 qui

108 562 144 590 ad
161 565 242 596 septa
259 562 392 588 ecclesiae
410 564 440 587 et
456 562 543 588 etiam
563 561 599 588 ad
617 562 679 595 ipsa
695 563 819 589 sacraria
837 563 1015 596 confugerint
1032 564 1196 594 sanctuarii,
1214 563 1251 589 ad
1270 559 1470 590 Iohannem²
1487 562 1651 596 episcopum
1669 561 1751 588 Cara-

106 617 211 643 litanae
232 615 359 641 civitatis
379 610 513 640 scribit3:
537 614 575 645 Si,
590 615 729 648 inquiens
744 615 779 641 de
796 615 898 649 quibus
918 619 962 642 est
977 616 1130 649 quaestioe,
1150 613 1191 644 ad
1212 615 1365 642 ecelesiam
1385 615 1505 641 fortasse
1525 615 1690 649 refugerint,
1711 615 1752 640 ita

107 668 192 696 debet
206 676 291 694 causa
304 667 426 701 disponi,
440 670 474 694 ut
488 676 539 694 nec
552 668 607 701 ipsi
621 667 787 694 violentiam
802 669 950 702 patiantur
963 677 1014 695 nec
1029 669 1067 700 hi,
1083 670 1130 703 qui
1144 670 1278 695 dicuntur
1292 669 1428 702 oppressi,
1442 668 1569 702 dampna
1582 668 1751 694 sustineant.

107 722 195 749 Curae
213 729 279 755 ergo
299 723 410 747 vestrae
430 721 477 751 sit,
497 724 530 747 ut
548 721 588 746 eis
607 726 785 747 sacramento
804 721 841 747 ab
860 722 912 753 hia,
934 730 1054 756 quorum
1073 722 1200 753 interest,
1220 722 1255 748 de
1275 721 1414 747 servanda
1433 721 1493 754 lege
1511 724 1541 747 et
1560 721 1670 747 iustitia
1690 729 1752 754 pro-

59 782 86 802 ιο
108 775 241 802 mittant
259 777 291 800 et
310 782 360 807 per
380 774 477 800 omnia
497 777 733 800 commoneantur
751 775 827 800 exire
849 777 935 808 atque
956 783 1071 801 suorum
1092 779 1210 802 actuum
1230 774 1346 800 reddere
1366 775 1516 800 rationem.

199 824 300 861 Haec,
322 822 462 854 domnid
483 827 516 854 et
540 824 666 860 fratres,
690 828 822 865 rogatus
844 824 936 855 vobis
960 825 1169 856 audientibus
1191 836 1210 856 a
1235 824 1456 865 suprascripto
1479 823 1655 855 venerabili
1677 834 1753 854 con-

108 877 272 909 sacerdote
296 880 406 907 nostro
430 876 610 917 sapientiae
632 880 759 908 vestrae
781 877 928 919 deposui.
960 880 1050 915 Quae
1073 878 1100 909 si
1122 878 1169 909 illi
1192 877 1234 909 ad
1256 877 1546 918 interrogationem
1569 887 1664 908 suam
1688 887 1753 907 non

106 930 260 961 videntur
277 929 436 966 sufficere,
454 929 549 971 plura
565 929 640 960 hinc
658 930 779 971 poterit
796 930 830 961 in
847 933 1037 962 sanctorum
1054 931 1181 972 paginis
1197 930 1299 971 legere
1315 933 1348 961 et
1363 941 1382 961 a
1401 934 1511 961 nostra
1530 929 1753 961 mediocritate

108 984 142 1015 in
164 982 382 1014 solutionibus
403 983 648 1024 quaestionum,
671 983 710 1014 de
731 982 852 1024 quibus
872 983 914 1014 ab
935 983 1007 1014 aliis
1030 984 1248 1025 interrogatus
1270 994 1356 1020 sum,
1377 983 1550 1014 vicesimae
1573 982 1754 1014 secunda&

61 1047 87 1067 15
107 1040 139 1068 et
156 1036 330 1068 vicesimae
350 1036 506 1067 octavae⁵
526 1035 626 1067 latius
646 1036 802 1067 invenire.

203 1089 369 1126 Quoniam
387 1089 523 1130 quidem
543 1089 665 1130 supra⁶
683 1089 875 1130 cyrographi
896 1100 1008 1130 regum
1029 1093 1216 1121 nostrorum
1238 1089 1430 1121 memoriam
1451 1089 1522 1126 feci,
1542 1099 1626 1130 quae
1645 1089 1685 1119 de
1704 1088 1755 1119 his

108 1142 227 1174 ibidem
245 1143 429 1174 constituta
451 1146 541 1179 sunt,
562 1142 614 1173 hic
635 1141 824 1173 subnectere
846 1143 1053 1183 procuravi⁷:
1076 1146 1113 1172 Et
1135 1147 1201 1181 quia
1221 1155 1271 1180 per
1291 1154 1379 1179 vagos
1398 1148 1428 1171 et
1449 1145 1620 1179 tyrannicae
1639 1154 1752 1171 eonsue-

109 1199 206 1225 tudine
224 1199 417 1225 inreverentes
435 1199 563 1225 homines
582 1207 639 1233 pax
656 1201 686 1224 et
705 1195 806 1232 quies8
824 1199 905 1232 regni
924 1199 1084 1233 perturbari
1101 1200 1182 1230 solet,
1201 1199 1343 1230 volumus,
1362 1202 1404 1229 ut,
1423 1198 1461 1225 ad.
1480 1206 1686 1232 quemcumque
1705 1206 1754 1224 no-

108 1255 198 1278 strum
215 1252 282 1278 talis
299 1253 419 1282 venerit,
437 1251 492 1278 ut¹
509 1252 544 1278 de
562 1252 615 1283 his,
634 1251 720 1285 quae¹
744 1252 811 1286 egit,
829 1252 969 1278 rationem
986 1255 1015 1278 et
1032 1253 1172 1279 iustitiam
1189 1251 1384 1285 subterfugere
1402 1252 1502 1286 possit,
1520 1260 1603 1277 nemo
1620 1259 1656 1277 ex
1673 1251 1755 1277 nobis

59 1313 85 1333 20
105 1305 203 1332 fflumg
222 1305 259 1332 ad
273 1305 351 1332 aliud
364 1305 484 1339 recipiat
498 1305 543 1330 vel
557 1305 689 1335 retineat,
703 1305 757 1330 nisi
771 1308 804 1332 ut
818 1305 855 1330 ad
869 1308 977 1331 rectam
992 1306 1131 1332 rationem
1144 1309 1174 1331 et
1186 1306 1315 1332 debitam
1328 1305 1559 1331 emendationem
1572 1304 1753 1338 perducatur.

109 1359 146 1385 Et
160 1359 184 1385 si
198 1359 340 1385 rationem
355 1361 464 1384 rectam
479 1358 693 1391 subterfugerit,
709 1366 807 1384 omnes
822 1359 851 1383 in
866 1366 1024 1389 commune,
1040 1358 1069 1384 in
1085 1359 1164 1385 cuius
1178 1367 1297 1392 regnum
1312 1359 1431 1388 venerit,
1446 1357 1527 1384 illum
1542 1365 1754 1391 persequamur,

108 1411 196 1438 donec
209 1415 261 1438 aut
273 1411 311 1438 ad
323 1411 465 1438 rationem
478 1411 652 1444 perducatur
664 1414 716 1437 aut
728 1411 763 1437 de
777 1419 862 1444 regno
875 1411 1012 1437 deleatur.
1029 1411 1163 1438 Similiter
1174 1416 1204 1437 et
1216 1412 1251 1438 de
1264 1420 1298 1438 eo
1311 1411 1454 1445 agendum
1466 1414 1519 1441 est,
1534 1412 1582 1444 qui
1595 1419 1646 1444 pro
1659 1410 1755 1443 aliquo

109 1464 223 1499 capitali
240 1468 271 1491 et
290 1464 403 1498 publico
422 1465 539 1491 crimine
557 1474 575 1491 a
595 1464 723 1498 quolibet
740 1465 874 1498 episcopo
892 1465 1043 1498 corripitur
1062 1464 1106 1490 vel
1124 1465 1389 1491 excommunicatur
1407 1467 1458 1490 aut
1476 1466 1544 1490 ante
1562 1463 1755 1490 excommuni-

108 1519 249 1545 cationem
271 1518 377 1544 crimen
400 1517 506 1543 faciens
527 1526 646 1551 regnum
667 1521 697 1543 et
720 1518 790 1551 regis
812 1518 935 1550 regimen
959 1520 1062 1548 mutat,
1092 1526 1127 1544 ne
1148 1517 1278 1544 debitam
1305 1517 1511 1551 paenitentiam
1540 1517 1676 1550 suscipiat
1704 1520 1755 1542 aut

63 1578 90 1598 25
109 1574 271 1605 susceptam
294 1571 420 1605 legitime
445 1574 574 1604 peragat,
598 1570 744 1597 interdum
768 1571 856 1597 etiam
880 1571 1018 1597 incestam
1043 1572 1233 1604 propinquam
1257 1579 1340 1597 suam
1364 1574 1415 1597 aut
1439 1569 1687 1596 sanctimonialem
1710 1569 1755 1594 vel

109 1627 221 1659 raptam
234 1625 294 1650 sive
308 1623 480 1654 adulteram,
496 1632 583 1657 quam
596 1624 652 1650 illic
666 1624 691 1649 ci
706 1632 762 1650 non
776 1624 881 1650 licebat
895 1624 1007 1653 habere,
1022 1623 1131 1657 fugiens
1145 1633 1241 1650 secum
1254 1624 1343 1650 ducit.
1360 1624 1414 1650 Hic
1428 1623 1503 1653 talis,
1519 1632 1584 1649 cum
1596 1623 1755 1656 episcopus,

110 1678 146 1705 ad
161 1677 240 1704 cuius
254 1686 352 1704 curam
367 1677 531 1711 pertinebit,
546 1677 628 1703 nobis
637 1677 649 1694 ¹¹
664 1677 787 1703 notumh
802 1677 908 1707 fecerit,
919 1676 1068 1710 diligenter
1082 1678 1272 1710 perquiratur,
1287 1686 1321 1703 ne
1338 1675 1467 1702 morandi
1480 1676 1527 1702 vel
1540 1675 1648 1702 latendi
1663 1675 1756 1701 locum

110 1732 138 1758 in
156 1739 242 1764 regno
261 1731 379 1757 alicuius
399 1734 530 1756 nostrum
549 1731 677 1756 inveniat
696 1733 725 1756 et
746 1731 798 1756 Dei
817 1739 849 1756 ac
868 1733 980 1756 nostros
999 1729 1094 1756 fideles
1113 1739 1164 1756 suo
1185 1730 1283 1756 morbo
1301 1729 1419 1759 inficiat,
1439 1729 1488 1755 sed
1507 1738 1524 1755 a
1542 1728 1625 1754 nobis
1643 1728 1689 1754 vel
1707 1736 1756 1762 per

112 1785 253 1811 ministros
273 1785 313 1810 rei
332 1783 462 1818 publicae
482 1785 695 1817 constringatur
713 1787 751 1813 et,
772 1786 805 1809 ut
824 1783 908 1810 simul
928 1791 993 1809 cum
1012 1783 1152 1809 diabolica
1172 1783 1287 1817 praeda,
1308 1791 1395 1816 quam
1414 1791 1510 1808 secum
1529 1781 1622 1812 duxit,
1643 1781 1680 1807 ad
1699 1781 1755 1814 epi-

62 1844 90 1864 ³0
110 1846 227 1872 scopum
241 1846 325 1863 suum
340 1836 440 1863 redeat
454 1842 484 1863 et
499 1836 534 1862 de
552 1845 731 1870 quocumque
747 1837 864 1863 crimine
880 1836 994 1870 publico
1009 1835 1137 1862 debitam
1152 1837 1359 1869 paenitentiam
1374 1836 1512 1869 suscipiat
1527 1838 1578 1861 aut
1593 1837 1757 1867 susceptam

110 1891 232 1925 legitime
252 1898 319 1924 pera
326 1898 343 1924 g
349 1899 363 1916 e
371 1898 403 1916 re
424 1890 619 1924 compellatur.

900 2046 968 2076 136.

192 2110 352 2141 Hinkmar
370 2114 504 2141 erstattet
523 2109 582 2140 den
602 2108 819 2146 Erzbz'schiisen
842 2106 958 2145 Rudolf
976 2118 1036 2138 von
1058 2107 1193 2147 Bourqes
1213 2106 1278 2138 und
1296 2106 1407 2137 F'rotar
1426 2117 1485 2137 von
1508 2105 1674 2137 Bordeauoe
1693 2105 1758 2136 und

111 2163 177 2194 dem
191 2174 309 2204 qanzen
323 2163 563 2204 aquitanischen
580 2162 756 2203 Epislmpat
770 2161 815 2192 im
832 2160 995 2200 Anscliluss
1015 2170 1058 2191 an
1073 2160 1123 2190 die
1142 2160 1338 2199 Beratimqen
1359 2159 1412 2190 der
1428 2159 1554 2200 Synode
1575 2169 1634 2190 von
1654 2158 1680 2189 T
1681 2169 1759 2198 usey

114 2215 321 2257 (Oka—Noto.
336 2215 414 2257 860)
444 2216 497 2247 ein
527 2214 798 2256 Reclztsyutachten
825 2213 897 2244 'iiber
922 2213 972 2244 die
999 2213 1291 2254 Eheanqeleqenlzeit
1316 2212 1368 2243 des
1393 2211 1509 2251 Grafen
1535 2211 1674 2252 Stephan
1700 2222 1759 2242 von

65 2277 91 2298 ³5
112 2269 283 2310 Auverqne.
1514 2264 1602 2296 Ende
1624 2264 1694 2296 860.

202 2340 278 2366 Hss.:
296 2340 390 2365 Berlin
409 2340 492 2365 Phili.
510 2340 580 2365 1769
597 2340 640 2365 ΒΖ.
654 2338 780 2365 39—58',
796 2338 820 2363 9.
833 2337 880 2362 Jh.
900 2337 968 2369 (B),
985 2337 1073 2362 kollczt.
1090 2336 1162 2365 Ertl:
1177 2336 1345 2362 Schlettstadt
1359 2336 1394 2361 99
1411 2335 1453 2362 Bl.
1468 2335 1640 2364 196'—205',
1656 2335 1698 2360 11.
1712 2335 1759 2360 le.

116 2384 179 2417 (O),
198 2384 408 2417 unvollstdndiffi
428 2385 477 2417 vql.
496 2387 579 2410 umen
598 2384 626 2409 S.
641 2384 692 2409 100
706 2383 767 2408 ῑάν.
780 2392 816 2409 m.
835 2382 924 2407 kollat.
937 2381 1037 2410 Laehsm
1054 2381 1167 2406 Florem
1180 2380 1250 2406 Bibl.
1264 2380 1380 2406 Nazion.
1404 2380 1436 2405 B.
1451 2380 1476 2406 3.
1490 2380 1561 2405 11:22
1576 2380 1618 2405 Bc.
1632 2379 1759 2406 85¹-93.

193 2494 217 2522 ⁸)
232 2491 299 2516 Verb.
313 2499 361 2516 aas
376 2492 441 2516 furti
459 2492 489 2516 B.
576 2490 600 2521 b)
617 2491 747 2521 Nachqetr.
764 2490 795 2514 Β.
889 2491 912 2519 ⁰)
928 2490 1028 2521 questio
1044 2489 1074 2513 Β.
1172 2486 1198 2518 cl)
1216 2487 1267 2512 Von
1281 2490 1390 2519 spaterer
1404 2488 1483 2512 Hand
1494 2487 1556 2511 verb.
1575 2495 1605 2510 :a
1617 2487 1715 2511 domini
1730 2486 1759 2510 B.

114 2537 136 2566 e)
155 2543 194 2560 -ca
212 2536 362 2567 eberqeschr.
384 2537 415 2560 Β.
520 2535 540 2567 ¹)
576 2540 708 2566 iit-quae
726 2534 874 2565 iiberqeschr.
896 2534 926 2557 B.
1041 2535 1063 2562 g)
1085 2528 1240 2563 Uberyeschr.
1261 2532 1292 2557 Β.
1394 2531 1419 2562 h)
1438 2532 1492 2562 Aus
1512 2532 1572 2555 Rae.
1593 2532 1624 2555 Β.

67 2626 94 2646 40
205 2625 230 2655 l)
247 2624 275 2650 S.
285 2624 387 2650 obenS.
398 2624 433 2650 86
446 2624 481 2650 A.
492 2625 516 2649 4.
603 2625 630 2656 2)
652 2623 772 2655 Richtiq:
786 2622 950 2648 Ianuarium
1044 2621 1072 2652 3)
1093 2621 1156 2653 Req.
1167 2620 1256 2650 X‚17‚
1266 2620 1331 2646 ΜΘ.
1341 2620 1429 2653 Epist.
1440 2620 1483 2647 ΙΙ,
1493 2619 1545 2645 252
1560 2619 1653 2652 (J.-E.
1664 2618 1759 2650 1786).

115 2668 141 2698 4)
163 2667 203 2693 De
216 2668 309 2694 divort.
326 2669 418 2694 interr.
437 2668 482 2697 22,
504 2668 600 2701 Mique
614 2668 676 2697 125,
692 2667 777 2701 73Sff.
885 2667 913 2697 5)
938 2665 978 2691 De
997 2665 1091 2690 divort.
1112 2668 1211 2697 quaest.
1227 2666 1253 2695 5,
1275 2665 1371 2697 Miqne
1391 2665 1453 2694 125,
1475 2664 1576 2698 mm„-
1597 2663 1637 2689 bei
1658 2662 1759 2688 thrch-

114 2711 227 2745 zeihlunq
246 2712 292 2738 der
311 2713 352 2738 bis
373 2713 399 2738 N
403 2722 424 2738 r.
440 2713 475 2738 23
496 2713 654 2738 reichemlen
673 2710 911 2743 ‘interroyationes'
934 2711 1001 2735 zeo'ire
1020 2717 1047 2735 es
1066 2709 1096 2734 in
1114 2709 1160 2734 der
1182 2709 1233 2734 Ταε
1252 2709 1295 2734 die
1313 2709 1357 2734 23.
1369 2709 1464 2741 Fraqe.
1575 2709 1603 2739 6)
1620 2707 1676 2740 Vql.
1697 2706 1761 2732 oben

114 2754 141 2781 S.
154 2756 187 2781 8³2
206 2756 237 2782 Z.
250 2757 312 2789 25).
428 2759 456 2789 7)
480 2757 645 2790 Kapitulare
667 2765 716 2781 ron
738 2756 860 2781 Meersen
873 2754 924 2779 851
945 2762 981 2779 cc.
996 2754 1075 2783 4—5,
1096 2753 1161 2779 MG.
1176 2753 1266 2786 Capit.
1281 2753 1324 2783 ΙΙ,
1341 2753 1381 2778 73.
1493 2754 1520 2782 8)
1540 2752 1577 2777 So
1597 2752 1627 2777 in
1644 2760 1664 2777 c.
1679 2751 1694 2775 4
1712 2759 1761 2775 von

115 2799 236 2826 Meersen
251 2801 313 2831 851,
327 2810 353 2827 a.
366 2810 392 2826 a.
404 2801 449 2831 0.,·
473 2801 589 2834 daqeqen
603 2801 633 2827 in
647 2801 706 2826 dem
719 2800 887 2832 abqeleilelen
900 2807 921 2824 c.
935 2798 951 2823 4
966 2806 1014 2823 von
1030 2797 1147 2823 Koblenz
1161 2798 1223 2827 860,
1238 2797 1302 2823 ΜΘ.
1315 2797 1406 2830 Capit.
1423 2797 1466 2827 II,
1479 2797 1545 2822 155.—
1558 2795 1760 2828 tranquillitas.
