2220 3192
67 791 94 811 10

67 1056 93 1077 15

67 1323 94 1343 2⁰

68 1588 94 1609 25

68 1855 96 1876 ³0

69 2120 97 2142 85

73 2409 99 2429 40

73 2673 100 2694 45

689 212 877 238 HINKMAR
897 212 975 238 VON
996 211 1115 237 REIMS
1137 211 1195 237 135.
1725 207 1765 237 85

117 306 150 334 et
168 305 354 334 ceterorum
372 300 574 343 pontificum
591 301 630 332 de
649 301 785 332 diversis
802 301 948 332 conciliis
966 301 1008 332 ad
1027 301 1241 342 imperatores
1259 300 1497 336 transmissas⁸‚
1518 298 1646 330 revolve
1660 309 1763 339 augu-
1790 299 1863 330 860.

117 359 245 388 storum
270 354 377 386 edicta
402 354 442 385 de
468 354 640 385 haereticis
664 355 706 386 ad
733 355 929 396 petitionem
954 353 1152 396 pontificum
1178 353 1397 395 promulgata,
1425 356 1570 383 scrutare
1594 362 1765 383 caesarum

119 412 306 440 nostrorum
314 406 461 448 capitula
473 410 506 438 et
518 407 674 445 invenies,
685 412 852 448 quantum
866 408 1025 449 profuerit
1037 410 1137 448 atque
1151 407 1274 444 prosit1
1288 405 1397 447 legum
1409 405 1563 437 severitas
1577 416 1643 436 non
1657 404 1765 436 solum

118 464 324 492 ecclesiasticae
347 463 470 494 lenitati,
493 470 610 491 verum
633 461 737 491 totius
755 460 1011 492 Christianitatis
1027 460 1191 501 optandae
1209 460 1281 501 paci
1299 463 1332 491 et
1347 459 1500 491 colendae
1516 457 1764 499 tranquillitati.

122 513 289 556 Sapientia
301 523 455 554 namque,
463 512 615 544 videlicet
624 513 771 545 Christus
777 514 837 545 Dei
847 514 953 545 virtus
963 517 996 544 et
1006 513 1067 544 Dei
1078 513 1251 554 sapientia,
1262 513 1356 544 dicit:
1367 512 1442 544 ‘Per
1454 523 1505 544 me
1516 522 1604 553 reges
1615 515 1763 553 regnant,
1783 519 1849 539 Prov.
1862 520 1882 543 Β,
1894 519 1928 538 1⁵.

120 571 153 599 et
175 567 358 598 conditores
381 565 491 607 legum
515 566 601 597 iusta
620 567 827 604 decernunt’3
852 570 884 598 et
907 565 1090 607 apostolus:
1115 566 1195 597 ‘Lex
1217 566 1351 607 quidem
1374 570 1487 597 sancta
1511 568 1544 596 et
1569 565 1766 596 mandatum
1782 572 1849 593 Rom.
1863 573 1928 596 7,12.

120 624 274 652 sanctum
290 623 323 650 et
341 619 469 650 iustum
486 623 519 650 et
535 619 684 650 bonum'.
701 619 795 651 Unde
805 619 1030 651 Ambrosius²z
1050 622 1219 649 Mandatum
1232 622 1322 656 legem
1336 622 1460 656 intellegi
1477 622 1656 655 evangelicus
1673 630 1765 649 sermo

120 679 257 707 testatum
277 676 319 703 ait
344 676 434 702 enim:
454 672 499 702 ‘Si
520 676 563 702 vis
584 677 678 702 venire
700 676 736 702 ad
757 677 858 707 vitam,
878 684 960 703 serva
981 672 1138 702 mandata'.
1159 672 1203 703 Et
1224 672 1305 703 item
1324 672 1508 713 apostolus:
1528 671 1611 702 ‘Lex
1631 675 1765 712 propter
1781 665 1932 716 V⁸{·9j¹¹l³‡th‘

118 726 389 767 transgressiones
410 725 518 766 posita
539 725 615 763 est’3
637 730 684 757 et:
705 725 788 757 ‘Lex
808 737 875 757 non
895 729 945 757 est
966 725 1072 766 posita
1094 725 1199 762 iustis,
1222 725 1277 756 sed
1298 725 1429 756 iniustis
1459 729 1493 756 et
1514 735 1580 755 non
1612 724 1762 762 subditis,
1780 719 1868 767 10¹2}ss
1877 719 1978 770 {5540-

119 779 230 820 impiis
251 782 284 810 et
308 778 544 820 peccatoribus,
569 778 742 816 sceleratis,
765 779 1010 815 contaminatis,
1035 778 1204 819 patricidis
1226 781 1259 809 et
1283 778 1473 815 matricidis,
1496 777 1677 814 homicidis,
1703 777 1765 808 fcr-

119 832 258 869 nicariis,
282 831 505 863 masculorum
524 831 801 869 concubitoribus,
823 831 997 873 plagiariis,
1022 830 1242 867 mendacibus,
1264 834 1296 862 et
1317 831 1344 861 si
1363 831 1443 871 quid
1462 830 1552 862 aliud
1573 842 1672 862 sanae
1691 831 1765 862 doc-

119 886 225 917 trinae
241 884 457 916 adversatur'.
475 885 519 916 Et
536 885 653 916 item³t
671 885 759 915 ‘Nam
778 889 825 922 qui
843 889 1047 922 principantur,
1066 896 1122 913 non
1139 890 1207 913 sunt
1224 887 1320 914 timori
1338 887 1418 913 bonis
1435 887 1576 921 operibus,
1594 887 1643 913 sed
1663 885 1765 916 malis’,
1783 892 1979 916 vgl.Rom.13,3.

117 938 212 971 Unde
227 938 436 970 Ambrosius:
456 941 601 975 Principes
620 941 671 967 hos
689 950 766 975 reges
784 941 864 972 dicit,
884 942 931 975 qui
949 944 1065 975 propter
1083 940 1278 974 corrigendam
1295 941 1387 967 vitam
1404 943 1434 966 et
1453 940 1629 974 prohibenda
1647 941 1766 968 adversa

120 999 260 1025 creantur,
276 995 330 1021 Dei
346 995 484 1021 habentes
498 995 662 1028 imaginem,
678 998 711 1021 ut
726 994 779 1020 sub
794 1003 851 1020 uno
866 995 924 1020 sint
939 995 1033 1021 ceteri.
1049 990 1093 1021 Et
1108 991 1189 1022 item
1203 989 1387 1031 apostolus:
1403 989 1466 1020 ‘Vis
1482 996 1579 1020 autem
1594 1002 1651 1019 non
1667 995 1765 1021 timere
1784 999 1850 1019 Rom.
1864 999 1898 1023 13,
1909 999 1928 1018 3.

120 1050 314 1083 potestatem?
332 1048 446 1074 Bonum
461 1048 550 1074 facito
565 1051 595 1074 et
611 1047 729 1074 habebis
744 1047 859 1074 laudem
873 1056 909 1073 ex
924 1044 993 1074 illa’.
1014 1044 1098 1075 Hinc
1115 1043 1202 1074 idem
1217 1043 1344 1074 doctor:
1362 1047 1436 1072 Laus
1453 1048 1483 1074 et
1501 1055 1517 1074 a
1537 1050 1680 1080 potestate
1697 1050 1766 1073 tunc

119 1103 219 1135 surgit,
236 1110 302 1128 cum
318 1102 381 1134 quis
396 1102 532 1127 innocens
547 1102 701 1128 invenitur.
720 1098 783 1126 ‘Dei
793 1102 869 1128 enim
880 1101 1009 1127 minister
1017 1104 1062 1126 est
1071 1100 1126 1126 tibi
1141 1100 1171 1125 in
1188 1096 1287 1126 bono³.
1306 1099 1489 1126 Manifestum
1505 1103 1548 1125 est
1564 1099 1627 1125 ideo
1644 1103 1765 1127 rectores
1783 1106 1849 1125 Rom.
1863 1106 1897 1129 13,
1908 1107 1928 1124 4.

119 1154 211 1185 datos,
226 1163 261 1180 ne
278 1154 385 1181 malum
401 1154 459 1180 fiat.
479 1151 521 1180 ‘Si
536 1157 633 1180 autem
652 1154 769 1180 malum
785 1154 892 1184 feceris,
911 1154 989 1180 time.
1009 1154 1073 1180 Non
1090 1154 1166 1179 enim
1182 1154 1242 1178 sine
1261 1161 1346 1179 causa
1363 1153 1489 1186 gladium
1508 1149 1624 1186 portat’‚
1643 1153 1696 1179 hoc
1713 1156 1765 1183 est,
1783 1158 1886 1178 Ebenda.

118 1208 182 1234 ideo
199 1209 399 1238 comminatur,
411 1211 453 1237 ut,
470 1208 493 1233 si
511 1207 597 1234 fuerit
614 1210 794 1240 contemptus
804 1202 827 1237 b,
839 1207 973 1233 vindicet,
991 1203 1054 1233 ‘Dei
1069 1207 1146 1233 enim
1163 1207 1291 1232 minister
1306 1209 1359 1236 est,
1377 1206 1483 1232 vindex
1498 1207 1527 1231 in
1544 1207 1590 1232 ira
1606 1206 1656 1232 inc
1671 1215 1737 1232 eum
1745 1207 1766 1237 ⁰,
1784 1211 1886 1231 Ebenda.

121 1262 169 1295 qui
188 1261 259 1287 male
278 1257 357 1294 agit'.
382 1260 523 1292 Quoniam
537 1260 668 1287 futurum
684 1260 821 1286 iudicium
836 1260 912 1286 Deus
927 1261 1031 1286 statuit
1047 1263 1077 1286 et
1094 1259 1203 1286 nullum
1221 1260 1310 1293 perire
1328 1259 1400 1289 vult,
1419 1259 1499 1286 huic
1516 1259 1627 1286 saeculo
1645 1262 1767 1286 rectores

118 1313 273 1345 ordinavit,
300 1309 350 1340 utd
369 1317 475 1340 terrore
494 1314 665 1347 interposito
690 1310 878 1341 hominibus
898 1313 978 1339 velut
997 1313 1134 1347 pedagogi
1152 1313 1211 1338 sint
1229 1312 1390 1339 erudientes
1408 1312 1479 1342 illos,
1502 1312 1569 1346 quid
1589 1316 1712 1343 servent,
1732 1322 1767 1338 ne

119 1368 149 1393 in
165 1375 287 1401 paenam
303 1367 433 1393 incidant
447 1366 537 1392 futuri
553 1366 659 1392 iudicii.
676 1363 811 1399 ‘Ideoque
822 1366 930 1392 subditi
939 1369 1031 1392 estote
1048 1375 1105 1392 non
1121 1366 1213 1392 solum
1228 1369 1343 1400 propter
1359 1363 1451 1396 iraui',
1471 1363 1500 1393 id
1512 1363 1523 1380 ⁴
1540 1366 1588 1393 est
1608 1363 1767 1393 ultionem
1785 1371 1851 1391 Rom*
1865 1372 1898 1393 13,
1910 1372 1929 1390 5,

120 1416 355 1458 praesentem4,
373 1417 433 1445 ‘sed
450 1421 539 1446 etiam
554 1423 670 1453 propter
685 1416 907 1446 conscientiam'.
928 1420 1016 1446 Recte
1031 1419 1100 1446 dicit
1113 1419 1256 1445 subiectos
1270 1418 1371 1446 debere
1389 1428 1449 1444 esse
1467 1428 1524 1444 non
1542 1419 1633 1445 solum
1653 1422 1768 1453 propter

119 1475 200 1504 iram,
217 1473 247 1499 id
263 1476 308 1499 est
324 1473 464 1499 ultionem
481 1476 659 1506 praesentem
674 1488 717 1491 ——-
735 1473 810 1506 parit
826 1473 901 1499 enim
919 1472 1098 1499 vindictame
1111 1488 1163 1503 —-‚
1180 1472 1230 1498 sed
1247 1475 1363 1506 propter
1380 1472 1511 1499 futurum
1526 1472 1672 1503 iudicium,
1692 1473 1766 1506 quia,

118 1528 143 1553 si
162 1527 207 1553 hic
225 1527 379 1557 evaserint,
399 1526 456 1552 illic
475 1534 522 1551 eos
544 1534 635 1559 paena
654 1529 798 1559 expectat,
818 1526 867 1551 ubi
888 1529 1038 1552 accusante
1057 1526 1120 1559 ipsa
1140 1526 1312 1552 conscientia
1332 1526 1494 1558 punientur.

207 1576 251 1608 Et
268 1580 403 1608 sanctus
420 1576 604 1617 Cyprianus
621 1576 655 1606 in
673 1587 758 1606 nono
775 1575 942 1606 abusionis
957 1577 1059 1616 gradu
1074 1575 1154 1606 dicit
1163 1575 1185 1611 ⁵,
1209 1576 1286 1616 quia
1302 1587 1397 1611 regem
1414 1587 1470 1604 non
1486 1579 1626 1612 iniquum.
1643 1579 1692 1604 sed
1710 1587 1767 1606 cor-

120 1636 259 1661 rectorem
271 1633 435 1666 iniquorum
445 1627 455 1647 i
466 1641 526 1658 esse
540 1636 664 1666 oportet.
678 1629 722 1659 Et
736 1629 817 1660 item
830 1628 875 1660 ibi
889 1629 973 1660 inter
986 1632 1093 1660 cetera
1103 1628 1130 1659 ⁸:
1144 1628 1248 1659 Debet
1262 1631 1340 1659 furta
1354 1632 1492 1662 cohibere,
1504 1632 1645 1658 adulteria
1660 1633 1766 1665 punire,

119 1687 221 1720 impios
241 1686 276 1712 de
296 1689 373 1713 terra
394 1686 509 1719 perdere
518 1685 540 1717 Β,
562 1685 717 1719 parricidas
736 1688 766 1711 et
787 1686 963 1719 periurantes
982 1694 1039 1711 non
1059 1686 1148 1712 sinere
1170 1686 1274 1715 vivere,
1295 1684 1366 1710 fflios
1386 1693 1452 1710 suos
1472 1694 1529 1710 non
1549 1686 1638 1711 sinere
1659 1680 1768 1718 impieh

121 1748 210 1774 agere.
229 1736 272 1767 Et
289 1735 407 1767 beatus
425 1736 588 1767 Iohannes
606 1735 846 1767 Crisosthomus
863 1735 898 1766 in
916 1734 1034 1766 omelia
1055 1735 1145 1766 XVI.
1160 1735 1316 1766 Matthei¹
1334 1734 1586 1775 evangelistaeT:
1605 1735 1766 1766 ‘Audistis'.
1785 1743 1945 1765 ›122tm55z

120 1793 214 1827 inquit
231 1793 380 1823 Dominus,
391 1789 472 1826 ‘quia
488 1792 598 1819 dictum
614 1795 658 1817 est
668 1793 806 1825 antiquis:
823 1792 943 1818 Oculum
960 1800 1011 1825 pro
1028 1791 1117 1822 oculo,
1135 1791 1250 1817 dentem
1268 1799 1317 1825 pro
1334 1788 1440 1817 dente'.
1457 1791 1522 1817 Non
1537 1792 1624 1823 enim,
1641 1794 1673 1817 ut
1688 1792 1768 1817 nobis

120 1846 245 1873 vicissim
263 1845 451 1872 effoderemus
472 1845 577 1875 oculos,
598 1846 695 1871 sanxit
715 1845 788 1871 hanc
808 1845 907 1878 legem,
928 1845 977 1870 sed
998 1848 1031 1870 ut
1052 1848 1139 1874 metu,
1162 1852 1218 1878 quo
1238 1845 1275 1870 ab
1295 1844 1350 1870 alio
1369 1844 1447 1870 istud
1468 1845 1604 1871 timemus
1624 1845 1694 1878 pati,
1715 1845 1769 1878 ipsi

122 1907 233 1933 quoque
252 1899 309 1925 tale
329 1899 477 1932 quippiam
496 1907 660 1926 caveremus
679 1898 841 1929 admittere,
860 1902 893 1924 ut
910 1901 940 1924 et
959 1899 1007 1931 qui
1024 1898 1087 1931 ipso
1106 1898 1263 1923 voluntatis
1282 1897 1356 1923 bono
1374 1897 1483 1923 nollent
1501 1907 1518 1924 a
1536 1897 1704 1924 erudelitate
1722 1898 1768 1923 de-

120 1953 219 1983 sinere,
239 1952 359 1979 saltemk
381 1955 459 1978 metu
479 1955 645 1985 cogerentur
664 1952 752 1978 oculis
772 1951 899 1985 parcerel
920 1952 1123 1984 proximorum.
1145 1950 1174 1976 Si
1194 1959 1260 1978 vero
1278 1950 1349 1976 illud
1368 1950 1478 1977 crudele
1498 1951 1611 1981 dicitur,
1631 1954 1660 1976 et
1680 1951 1769 1977 homi-

121 2005 215 2032 cidam
233 2008 263 2031 et
281 2005 445 2033 adulterum
464 2006 610 2031 coercerim
630 2004 740 2032 crudele
761 2004 880 2030 dicatur.
903 2004 959 2030 Sed
976 2004 1173 2037 insipientium
1191 2004 1307 2030 omnino
1325 2004 1381 2030 ista
1400 2004 1487 2030 verba
1506 2007 1574 2030 sunt
1593 2007 1623 2029 et
1641 2007 1769 2030 extremo

120 2059 213 2086 furore
233 2058 422 2085 dementium.
444 2059 504 2092 Ego
524 2059 602 2085 enim
621 2058 693 2084 adeo
715 2061 811 2084 metuo
831 2057 922 2083 dicere
944 2057 1012 2084 haec
1032 2066 1092 2082 esse
1113 2056 1245 2087 crudelia,
1267 2059 1300 2082 ut
1319 2057 1363 2082 his
1384 2057 1544 2084 contrariau
1563 2057 1652 2084 etiam
1672 2058 1769 2090 iniqua

121 2111 299 2146 perdoceam,
321 2112 397 2145 quod
418 2115 493 2139 certe
514 2112 672 2138 communis
694 2119 806 2144 quoque
826 2111 900 2137 ratio
920 2110 1116 2144 deprehendit.
1137 2110 1180 2135 Tu
1199 2110 1276 2136 enim
1295 2109 1375 2140 dicia
1397 2111 1464 2143 quia
1484 2110 1598 2137 oculum
1617 2119 1668 2144 pro
1689 2111 1769 2136 oculo

121 2165 203 2191 iussit
218 2165 332 2195 auferri,
347 2165 452 2191 idcireo
468 2165 602 2195 crudelis;
617 2173 668 2198 ego
684 2168 781 2190 autem
796 2164 894 2193 refero,
912 2164 987 2196 quia,
1002 2164 1056 2189 nisi
1071 2163 1260 2196 praecepisset
1274 2163 1361 2193 istud,
1377 2166 1446 2189 tunc
1461 2172 1526 2191 vere
1542 2163 1619 2197 apud
1634 2163 1769 2197 plurimos

122 2218 186 2244 talis
206 2218 316 2249 fuisset,
338 2218 451 2252 qualem
471 2221 503 2244 tu
524 2226 590 2244 eum
610 2218 681 2244 falso
701 2226 760 2243 esse
782 2217 986 2250 conquererisO.
1010 2217 1138 2250 Denique
1158 2224 1285 2243 sermone
1307 2215 1446 2249 fingamus
1466 2225 1581 2243 omnem
1600 2217 1691 2250 legem
1710 2225 1769 2242 esse

122 2271 291 2298 dissolutam
308 2280 358 2298 nec
377 2280 551 2305 quemquam
568 2280 619 2304 pro
637 2270 831 2297 huiuscemodi
848 2270 932 2296 factis
949 2269 1101 2296 formidare
1118 2269 1299 2303 supplicium,
1316 2269 1366 2295 sed
1383 2270 1492 2296 cunctis
1510 2278 1623 2303 prorsus
1642 2270 1769 2302 malignis

208 2367 232 2395 ⁸)
252 2366 405 2389 transmisas
425 2366 457 2389 Β.
565 2364 590 2396 b)
607 2369 745 2389 contentus
763 2365 793 2388 Β.
879 2368 902 2394 ⁰>
918 2363 966 2387 1'011
983 2366 1091 2394 ‹sptilrrer
1107 2364 1185 2388 Hand
1199 2372 1241 2388 am.
1258 2365 1345 2389 Raude
1363 2364 1482 2395 nachyetr.
1501 2365 1531 2388 Β.
1613 2363 1637 2393 t¹)
1652 2364 1722 2387 Fame
1740 2364 1769 2387 B.

125 2411 147 2439 Ε)
163 2409 229 2433 Verb.
245 2418 292 2434 aus
308 2410 426 2434 vindicta
443 2410 474 2434 B.
583 2408 602 2440 r)
621 2409 687 2434 Verb.
705 2417 752 2433 aits
771 2411 907 2439 inquorum
928 2408 958 2432 Β.
1065 2410 1087 2437 g)
1106 2408 1211 2432 Danaen
1227 2408 1428 2433 Zwischenmum
1446 2416 1492 2432 von
1517 2409 1584 2432 einer
1602 2409 1686 2432 halben
1705 2408 1770 2431 Zcilr

126 2454 241 2485 (Rasur)
263 2454 293 2478 Β.
380 2453 404 2484 h)
423 2455 501 2486 impie
522 2454 553 2478 Β.
644 2452 662 2483 ¹)
684 2453 750 2478 Verb.
766 2461 812 2477 aus
826 2454 923 2477 Mathei
942 2453 973 2476 Β.
1059 2451 1085 2482 k)
1106 2452 1173 2476 Verb.
1187 2461 1234 2476 aus
1249 2454 1336 2478 saltim
1352 2454 1383 2477 B.
1468 2452 1486 2483 ι)
1501 2453 1568 2477 Verb.
1583 2461 1629 2477 aus
1645 2461 1719 2483 parce
1740 2453 1768 2475 Β.

124 2500 156 2527 ¹²¹)
171 2499 187 2522 h
202 2498 321 2522 zwischen
336 2508 350 2522 o
365 2499 419 2523 und
432 2507 446 2522 e
461 2499 515 2523 rad.
533 2499 646 2530 (hiiufiq)
664 2499 693 2522 Β.
780 2501 804 2527 n)
818 2497 884 2521 Verb.
898 2505 945 2521 aus
959 2498 1071 2521 contrari
1088 2497 1118 2521 B.
1203 2499 1226 2527 0)
1241 2499 1398 2529 conquirens
1414 2498 1444 2521 Β.

215 2587 240 2618 1)
261 2586 290 2612 S.
308 2586 373 2612 oben
394 2587 423 2612 S.
437 2587 471 2612 84
499 2587 530 2612 Ζ.
543 2586 604 2619 27Ῐ.
745 2587 772 2617 2)
793 2585 939 2611 Comment.
968 2585 999 2610 in
1019 2585 1096 2618 epist.
1117 2585 1152 2610 ad
1175 2585 1289 2611 Roman.
1309 2585 1375 2616 VII,
1397 2586 1440 2616 12,
1462 2586 1557 2618 Miqne
1579 2585 1674 2613 XVII,
1694 2584 1769 2616 ll5j.

125 2630 151 2661 3)
170 2630 228 2655 Das
243 2630 376 2663 Folqende
397 2631 454 2663 (bis
472 2632 635 2664 punientur,
656 2634 733 2656 anien
752 2630 782 2655 Z.
795 2630 846 2662 24)
867 2629 931 2655 tinch
952 2629 1074 2654 Ambros.
1093 2633 1230 2655 comment.
1250 2630 1280 2655 in
1297 2630 1374 2663 epist.
1393 2630 1428 2655 (nl
1448 2630 1562 2655 Roman.
1582 2629 1673 2657 XIII.
1691 2629 1770 2656 3—-2',

125 2674 219 2707 Miqne
243 2674 338 2705 XVII,
352 2675 402 2700 171
409 2675 428 2707 s.
532 2676 560 2707 4)
583 2675 847 2708 iri—praesentem
870 2674 927 2699 hier
950 2673 1016 2699 wohl
1039 2673 1226 2700 versehentlich
1248 2683 1517 2708 vorweqyenomvaen:
1540 2683 1561 2699 s.
1586 2677 1668 2699 umen.
1683 2673 1713 2698 Z.
1726 2673 1768 2697 2,

124 2719 151 2750 5)
174 2718 371 2752 Ps.-0yprian.
399 2719 429 2745 de
457 2719 597 2745 duodecim
623 2719 745 2744 abusivis
770 2718 871 2744 ‚saeculi
896 2727 917 2743 c.
940 2717 965 2747 9,
992 2717 1073 2750 Corp.
1099 2718 1210 2744 Vindob.
1238 2718 1299 2747 ΙΙΙ,
1321 2719 1336 2744 3
1362 2718 1391 2744 S.
1414 2719 1474 2744 166.
1590 2719 1617 2749 6)
1638 2718 1672 2743 A.
1693 2726 1718 2742 a.
1739 2717 1769 2742 O.

123 2763 149 2793 7)
164 2762 219 2795 Vql.
240 2763 345 2796 Miqne,
366 2764 441 2789 Patr.
462 2772 546 2796 qruec.
564 2765 608 2793 57,
626 2763 713 2796 245ff
740 2779 773 2781 —-
797 2763 848 2788 Die
866 2771 916 2787 von.
934 2762 1072 2787 Hinlcmar
1088 2762 1205 2788 benutzte
1221 2762 1377 2789 lateinische
1398 2757 1576 2795 Ubersemmy
1593 2763 1627 2787 ist
1645 2761 1715 2787 nicht
1733 2769 1770 2785 er-

123 2807 222 2832 mitten.
