2220 3192
319 313 395 341 867.

205 636 252 659 γει.
262 636 328 655 Prov.
337 636 372 659 ¹27,
381 636 402 656 6,

267 1434 308 1454 lob
320 1435 354 1459 10,
367 1435 401 1456 15.

216 2468 265 2491 an.
277 2469 319 2488 101.
331 2469 367 2492 512,
378 2470 398 2488 23.

419 219 480 248 216
982 218 1168 244 HINKMAR
1188 218 1264 244 VON
1286 218 1405 245 REIMS
1427 220 1486 245 198.

417 330 470 343 -,
493 313 545 338 nisi
567 311 717 346 privilegiis
739 312 853 337 sanctae
876 310 1023 336 Romanae
1044 310 1118 336 sedis
1139 318 1189 344 per
1209 311 1394 339 reverendum
1416 311 1588 337 confratrem
1609 312 1739 336 nostrum
1762 310 1950 336 Hincmarum
1971 311 2058 337 archi-

416 368 579 401 episcopum
600 366 713 390 nostrae
735 363 920 390 unanimitati
943 363 1069 397 prolatis,
1093 371 1164 397 quae
1186 363 1221 389 de
1242 364 1310 398 ipsis
1331 365 1399 390 viris
1422 364 1563 398 quaedam
1584 365 1759 394 statuerunt,
1781 362 1880 389 debita
1902 364 2060 390 reverentia

415 419 603 446 exhiberetur.
636 416 762 447 Quorum
776 424 898 447 summa,
914 416 1040 450 perfecta
1054 418 1084 442 et
1097 417 1208 450 integra
1223 417 1352 448 firmitas,
1368 419 1402 443 ut
1417 417 1505 444 claret
1519 419 1549 443 et
1562 417 1671 442 iustum
1686 418 1739 447 est,
1754 416 1785 442 in
1799 416 1971 451 apostolicae
1986 417 2060 442 sedis

416 473 559 498 reservata
578 472 622 495 est
641 470 759 496 arbitrio
779 469 939 504 potestatis.
978 467 1071 503 Quod
1092 467 1235 507 synodus
1253 466 1345 498 vobis
1366 478 1431 497 non
1451 466 1614 503 scriberet,
1636 466 1662 496 si
1682 466 1809 506 integra
1829 465 1995 507 privilegia
2014 466 2059 497 eis

418 533 483 552 non
502 519 726 550 ostendissem.
2086 529 2099 547 ε»

505 573 553 603 De
569 583 618 609 eo,
634 572 723 613 quod
737 571 971 613 benignissima
988 575 1021 602 et
1037 572 1242 603 sanctissima
1260 572 1441 614 paternitas
1456 575 1564 603 vestra
1583 571 1663 603 mihi
1678 575 1728 602 est
1743 571 1878 612 dignata
1894 571 2058 609 soribere1‚

419 630 453 657 ut
471 638 535 655 non
551 629 720 655 arbitrarer
735 628 772 655 ad
787 629 938 655 discrimen
954 628 1101 662 quodlibet
1115 636 1199 666 quae
1216 625 1295 656 mihi
1313 626 1469 657 mandata
1485 628 1564 656 sunt
1579 636 1771 662 exaggerasse,
1788 637 1854 655 cum
1870 628 1986 655 meliora
2000 637 2060 655 esse

414 683 532 709 vulnera
548 682 691 716 diligentis
708 691 794 716 quam
810 682 994 708 fraudulenta
1009 682 1152 708 odientis
1168 681 1264 709 oscula
1280 689 1346 710 esse
1364 691 1421 708 non
1437 682 1579 709 nesciam.
1596 681 1646 707 sed
1662 690 1697 707 ne
1714 681 1785 708 adeo
1802 682 1833 707 in
1849 681 2061 716 privilegiorum

416 745 549 762 meorum
562 735 754 762 defensionem
767 735 812 761 vel
825 735 978 762 elationem
989 736 1194 762 inmoderatius
1207 737 1318 770 erigar,
1332 737 1366 761 ut
1378 735 1550 770 apostolicae
1563 735 1637 761 sedis
1650 735 1713 761 iura
1726 743 1842 769 quoquo
1856 735 1941 762 modo
1953 738 2060 761 temere

413 790 538 824 tetigisse
566 789 681 819 videar,
708 786 866 816 veraciter
894 785 1012 816 fateor:
1040 785 1099 816 hoc
1128 796 1313 826 numquam
1341 785 1376 816 in
1403 796 1457 816 cor
1487 796 1599 816 meum
1619 785 1778 822 ascendit,
1800 784 1858 825 qui
1879 795 2007 826 semper
2027 788 2060 815 et
2085 795 2110 813 10

412 838 608 881 apostolicae
624 838 691 870 sedi
707 842 740 869 et
755 839 825 869 eius
840 837 1030 876 rectoribus,
1047 842 1225 880 postquam
1242 850 1292 870 me
1310 849 1401 869 nosse
1419 838 1525 880 potui,
1542 849 1600 879 pro
1617 848 1688 869 meo
1704 838 1784 869 scire
1800 841 1833 868 et
1849 849 1941 879 posse
1958 837 2060 869 fidelis

412 896 445 923 et
459 893 598 923 devotus
611 895 646 923 et
659 891 793 924 humilis
807 903 843 923 ac
859 891 1025 923 subiectus
1039 892 1148 929 extiti,
1164 903 1239 923 sum
1253 895 1287 923 et
1300 892 1479 922 adiuvante
1493 891 1637 922 Domino
1653 890 1863 932 permanebo.
1889 890 2060 932 Privilegia

412 949 526 977 autem
539 945 622 977 sedis
635 944 832 986 apostolicae
847 956 913 976 non
926 945 996 976 ideo
1012 945 1104 986 petii,
1120 949 1157 975 ut
1172 945 1251 976 mihi
1267 956 1331 976 non
1345 945 1521 982 sufficeret,
1535 944 1624 986 quod
1637 944 1719 975 sacri
1732 955 1873 975 canones
1886 948 1920 975 et
1932 945 2060 976 decreta

412 999 496 1030 sedis
509 999 677 1030 Romanae
694 998 891 1040 pontificum
905 998 1023 1040 cuique
1040 997 1213 1040 metropoli
1228 999 1294 1029 sedi
1309 999 1505 1035 concedunt,
1521 1001 1555 1028 et
1571 1008 1628 1029 nec
1643 997 1707 1029 alia
1720 996 1775 1029 vel
1787 996 1943 1039 amplius,
1957 1008 2058 1039 quam

411 1051 560 1084 ecclesiae
578 1052 759 1084 Remorum
776 1051 947 1083 conlatum
967 1055 1018 1083 est
1035 1062 1076 1082 ex
1094 1052 1244 1093 antiquo,
1265 1051 1344 1083 mihi
1363 1051 1471 1092 largiri
1489 1050 1672 1093 specialiter
1691 1051 1772 1092 petii
1798 1061 1901 1092 neque
1926 1054 2058 1092 appeto.
2086 1059 2111 1078 15

412 1105 474 1137 Sed
491 1106 568 1147 quia
587 1116 653 1137 non
671 1104 777 1137 solum
791 1105 936 1142 diocesis,
955 1116 1069 1136 verum
1087 1108 1121 1136 et
1136 1105 1302 1146 parrochia
1323 1115 1393 1136 mea
1411 1105 1496 1136 inter
1513 1105 1578 1136 duo
1597 1115 1694 1146 regna
1712 1104 1772 1136 sub
1787 1103 1915 1135 duobus
1932 1103 2060 1145 regibus

410 1159 549 1190 habetur
566 1158 692 1190 divisa2
711 1162 745 1189 et
762 1169 811 1189 res
831 1159 911 1190 mihi
929 1158 1121 1190 commissae
1140 1157 1290 1189 ecclesiae
1310 1158 1370 1189 sub
1391 1157 1574 1189 multorum
1593 1157 1784 1199 principum
1803 1161 1966 1199 potestate
1984 1168 2059 1188 con-

410 1213 512 1244 iacere
533 1212 698 1249 videntur,
721 1212 759 1243 de
781 1211 901 1253 quibus
922 1216 982 1243 aut
1005 1222 1123 1253 parum
1144 1215 1203 1242 aut
1230 1210 1311 1243 nihil
1335 1211 1489 1242 utilitatis
1510 1210 1642 1242 ecclesia
1665 1214 1776 1242 nostra
1798 1214 1908 1252 potest
1928 1210 2059 1242 habere:

410 1266 488 1307 quia
505 1269 630 1297 veteres
647 1265 901 1296 constitutiones
919 1265 986 1296 iam
1003 1265 1097 1306 quasi
1117 1275 1174 1306 pro
1192 1264 1249 1296 vili
1266 1264 1357 1306 apud
1374 1265 1535 1305 quosdam
1552 1264 1726 1301 habentur,
1744 1264 1795 1295 his
1814 1264 1906 1295 novis
1924 1264 2060 1295 decretis

410 1318 555 1350 carnales
580 1323 614 1350 et
637 1317 796 1349 animales
821 1318 969 1350 homines
994 1318 1099 1349 territi
1125 1318 1283 1359 quiddam
1308 1318 1509 1349 reverentius
1534 1322 1649 1349 contra
1674 1316 1843 1349 ecclesiam
1867 1317 2058 1359 indignitati
2082 1325 2109 1346 20

413 1383 502 1404 meae
519 1372 731 1403 commissam
749 1375 891 1412 agerent.
920 1371 968 1403 De
986 1371 1106 1412 quibus
1125 1371 1311 1413 privilegiiS‚
1331 1382 1473 1412 quorum
1491 1371 1735 1402 defensionem⁸
1753 1370 1833 1402 mihi
1852 1382 1918 1402 non
1935 1381 2058 1412 arrogO,

415 1426 469 1456 sed
488 1436 545 1456 nec
562 1426 600 1456 de
617 1424 689 1456 aliis
705 1424 968 1466 quibuscumque
985 1428 1045 1461 est,
1065 1425 1150 1455 unde
1168 1424 1277 1456 inflari
1293 1423 1422 1456 valeam
1438 1423 1490 1456 vel
1504 1424 1621 1462 efferri,
1639 1425 1707 1466 qui,
1724 1424 1771 1455 ‘et
1788 1424 1815 1455 si
1832 1424 1939 1455 iustus
1956 1424 2058 1461 fuero,

412 1490 478 1510 non
497 1478 610 1509 levabo
629 1482 742 1519 caput,
762 1482 931 1509 saturatus
949 1477 1128 1509 afflictione
1147 1482 1181 1509 et
1200 1478 1352 1510 miseria’.

502 1531 668 1562 Postremo³
683 1532 721 1562 de
738 1531 836 1572 pallio
851 1543 870 1562 a
887 1542 958 1562 mea
973 1531 1238 1573 praesumptione
1253 1543 1312 1562 non
1326 1535 1410 1561 certis
1423 1534 1602 1569 temporibus
1616 1537 1645 1560 et
1659 1535 1742 1560 iuxta
1757 1542 1865 1561 morem
1880 1534 1941 1561 aliis
1956 1536 2058 1560 metro-

412 1589 545 1623 politanis
553 1589 683 1614 diffinitis
696 1596 756 1614 uso
763 1608 770 1620 ,
780 1585 865 1615 unde
873 1589 999 1615 vestrae
1009 1584 1194 1615 sanctitatis
1206 1588 1323 1614 auribus
1332 1588 1499 1615 intimatum
1509 1596 1568 1613 esse
1577 1584 1766 1625 indignitati
1777 1594 1866 1615 meae
1876 1583 2058 1625 scripsistis,
2083 1590 2111 1610 2⁵

410 1639 602 1670 auctoritati
617 1642 743 1669 vestrae
759 1638 918 1670 veraciter
933 1638 1046 1675 fateor,
1068 1638 1155 1679 quod
1170 1641 1203 1669 et
1216 1638 1250 1669 in
1264 1638 1335 1668 istis
1350 1637 1533 1678 regionibus
1548 1649 1604 1679 per
1625 1637 1714 1675 alios,
1737 1637 1763 1668 si
1779 1636 1871 1668 vobis
1887 1636 2058 1678 placuerit,

410 1692 523 1723 rescire
539 1691 699 1729 valebitis,
716 1692 803 1733 quia,
826 1691 887 1722 nisi
901 1691 935 1722 in
950 1691 1001 1723 die
1016 1690 1135 1722 natalis
1149 1691 1301 1722 dominici
1325 1695 1358 1722 et
1378 1691 1412 1722 in
1427 1691 1478 1722 die
1494 1695 1625 1722 sanctae
1647 1691 1889 1722 resurrectionis
1905 1690 1985 1727 eius,
2001 1690 2060 1721 vix

410 1746 445 1776 in
465 1749 536 1776 toto
555 1756 642 1776 anno
662 1745 776 1776 eodem
797 1743 895 1786 pallio
917 1748 1001 1776 utor.
1040 1744 1204 1782 Quoniam
1223 1744 1261 1775 de
1281 1743 1413 1775 illorum
1434 1755 1570 1775 numero
1591 1744 1732 1785 peccatis
1754 1744 1834 1775 meis
1853 1743 2059 1785 exigentibus

411 1799 528 1836 factus,
550 1799 588 1830 de
609 1798 729 1839 quibus
750 1799 911 1839 scriptum
934 1797 1020 1829 est⁴z

994 1863 1204 1897 Impedimenta
1223 1863 1326 1889 saeculi
2078 1870 2105 1902 31]

989 1917 1137 1943 Fecerunt
1146 1924 1194 1942 eos
1214 1917 1337 1946 miseros,

410 1987 480 2007 raro
505 1977 541 2007 in
566 1976 701 2007 decretis
728 1974 974 2011 festivitatibus,
1000 1986 1065 2016 quo
1092 1973 1189 2015 pallio
1217 1974 1266 2005 uti
1293 1973 1555 2014 metropolitanis
1580 1973 1769 2004 conceditur
1779 1973 1803 2009 5,
1829 1973 1864 2004 in
1890 1973 1962 2004 sede
1987 1984 2058 2005 mea

410 2033 543 2071 propter
564 2028 685 2060 multas
704 2029 935 2070 occupationes
954 2032 988 2059 et
1007 2028 1214 2059 necessitates
1236 2026 1385 2059 ecclesiae
1406 2030 1439 2057 et
1460 2027 1549 2068 regni
1570 2037 1637 2057 esse
1662 2027 1741 2058 mihi
1764 2026 1982 2068 permittitur.
2014 2026 2059 2057 Et

411 2083 472 2114 nisi
482 2083 613 2124 quando
631 2082 665 2113 in
675 2082 788 2113 eadem
804 2082 876 2113 sede
893 2093 969 2112 sum
984 2081 1019 2112 in
1029 2081 1165 2112 decretis
1181 2079 1429 2117 festivitatibus,
1442 2091 1509 2111 non
1524 2079 1632 2110 solum
1650 2091 1715 2110 non
1731 2080 1865 2117 totiens,
1876 2079 1962 2111 sicut
1978 2079 2057 2110 mihi

409 2147 600 2167 concessum
619 2140 679 2172 est,
698 2147 814 2166 verum
833 2135 891 2166 vix
909 2139 969 2166 aut
989 2145 1174 2176 numquam
1192 2134 1306 2165 eodem
1325 2132 1423 2175 pallio
1444 2137 1528 2164 utor.
1561 2133 1624 2164 Pro
1643 2133 1737 2164 cuius
1758 2144 1820 2164 usu
1838 2133 1929 2174 apud
1948 2133 2057 2164 sedem
2080 2144 2108 2163 35

409 2189 624 2230 apostolicam
644 2188 689 2220 nil
709 2189 800 2230 petii,
821 2189 882 2219 nisi
901 2188 987 2219 sicut
1005 2187 1184 2218 decessores⁶
1202 2199 1238 2218 ac
1258 2190 1485 2224 praedecessores
1506 2186 1569 2217 mei
1588 2197 1624 2217 eo
1644 2190 1687 2216 uti
1705 2190 1739 2217 et
1757 2186 1792 2217 in
1811 2186 1955 2227 episcopi
1973 2186 2057 2217 ordi-

411 2242 543 2274 natione
560 2242 719 2274 solebant.
747 2242 821 2274 Non
838 2242 928 2273 enim
947 2252 1044 2272 usum
1063 2241 1153 2283 pallii
1170 2251 1237 2272 esse
1256 2251 1347 2272 meae
1362 2239 1534 2281 dignitatis
1551 2243 1645 2281 put0‚
1664 2240 1718 2270 sed
1735 2239 1821 2280 genii
1838 2239 1921 2270 sedis
1939 2243 2057 2270 metro·

411 2295 494 2337 polis
515 2307 582 2326 esse
602 2306 770 2336 cognosco.
802 2295 846 2326 Et
866 2306 945 2326 cum
968 2294 1064 2326 multi
1086 2294 1153 2325 sint
1174 2294 1279 2325 sancti
1300 2293 1454 2335 episcopi,
1476 2293 1534 2334 qui
1555 2293 1670 2324 eodem
1692 2291 1791 2333 pallio
1814 2303 1880 2323 non
1902 2295 2056 2330 utuntur,

412 2360 477 2380 non
494 2349 611 2386 nescio,
628 2349 716 2389 quia,
733 2349 759 2379 si
775 2348 844 2378 sine
860 2348 1052 2385 virtutibus,
1068 2358 1150 2388 quas
1165 2351 1351 2389 exponente
1366 2347 1462 2378 beato
1480 2346 1651 2387 Gregorio⁷
1668 2345 1807 2387 pallium
1822 2345 1941 2386 signat,
1959 2344 2056 2386 pallio

412 2406 498 2439 utor,
523 2402 583 2433 etsi
607 2401 871 2432 excellentiorem
893 2401 1008 2432 ceteris
1030 2401 1212 2432 Remorum
1236 2400 1420 2442 provintiae
1443 2399 1573 2431 sedibus
1599 2398 1808 2440 metropolim
1832 2399 1941 2429 sedem
1965 2398 2055 2440 pallii
2079 2410 2106 2428 ιο

415 2466 493 2486 usus
510 2456 715 2486 demonstrat
732 2455 767 2485 in
784 2454 886 2485 oculis
904 2454 1088 2491 hominum,
1109 2465 1173 2484 non
1192 2458 1305 2485 tamen
1325 2453 1481 2485 maiorem
1500 2463 1551 2484 me
1571 2452 1650 2483 facit
1666 2452 1701 2484 in
1718 2451 1821 2483 oculis
1838 2452 1984 2483 Domini.
2013 2451 2057 2482 Et

493 2564 517 2591 a)
535 2562 705 2585 defessionem
725 2561 755 2585 Β.

502 2642 527 2673 l)
547 2640 611 2666 MG.
627 2640 714 2673 Epist.
726 2640 774 2669 VJ,
788 2640 864 2672 429t.
880 2640 929 2664 Nr.
943 2640 978 2665 80
993 2639 1084 2671 (ιλ-Ε.
1098 2639 1194 2672 2823).
1300 2640 1328 2671 2)
1346 2639 1401 2671 Vql.
1417 2638 1531 2664 Schro'rs
1544 2637 1573 2663 S.
1587 2637 1663 2670 4631.
1769 2638 1797 2669 3)
1815 2636 1870 2670 Vql.
1886 2637 1951 2663 MG.
1965 2637 2053 2670 Epist.

408 2685 455 2715 VJ,
473 2685 526 2710 430
542 2685 592 2710 Nr.
606 2684 641 2709 80
660 2684 751 2716 (J.-E.
765 2684 861 2716 2823).
973 2685 1002 2715 4)
1022 2683 1105 2709 Nicht
1127 2683 1247 2709 ermittclt
1273 2682 1519 2716 (ambrosianische
1543 2681 1784 2715 Hymnenzeilen),
1880 2683 1908 2714 5)
1929 2681 1957 2707 S.
1983 2681 2054 2706 Hin—

409 2730 510 2759 cchius,
529 2728 719 2754 Kirchenrecht
736 2728 779 2758 II,
797 2728 856 2760 30j.
875 2743 910 2746 —
924 2727 981 2752 Zur
1000 2727 1291 2759 Palliumsverleihunq
1307 2727 1353 2760 fiir
1370 2726 1512 2752 Hinlcmar
1528 2725 1612 2752 durch
1629 2726 1681 2751 Leo
1693 2726 1741 2751 IV.
1760 2726 1808 2758 v9l.
1828 2725 1892 2751 MG.
1911 2725 1999 2758 Epist.
2016 2725 2046 2755 V,
2070 2729 2097 2749 45

410 2773 497 2807 590ff
514 2773 564 2798 Nr.
582 2773 623 2798 12.
641 2773 674 2798 13
692 2772 784 2804 (J.-E.
798 2772 877 2798 2607.
893 2772 981 2805 2608)
997 2772 1076 2797 sowie
1091 2772 1179 2805 Epist.
1194 2772 1223 2802 V,
1239 2772 1290 2797 591
1307 2772 1341 2797 A.
1355 2771 1379 2796 1.
1396 2771 1420 2796 4.
1517 2771 1545 2802 6)
1564 2770 1618 2803 Vql.
1636 2770 1693 2796 Mb.
1709 2770 1800 2796 diurn.
1818 2778 1843 2794 η.
1862 2770 1895 2795 45
1910 2769 1949 2795 ed.
1961 2769 2050 2795 Sickel

410 2818 494 2843 833.
608 2818 635 2848 7)
655 2816 708 2849 Vyl.
733 2816 794 2849 ch.
817 2816 872 2846 IX,
893 2816 955 2846 234,
977 2816 1039 2841 ΜΟ.
1063 2816 1149 2849 Epist.
1172 2816 1215 2845 II,
1237 2815 1290 2841 229
1313 2815 1516 2847 (J.-E.1761).

2185 2727 2188 2753 λ
