2220 3192
46 803 72 824 10

45 1068 72 1089 15

44 1334 72 1354 2⁰

46 1599 73 1620 25

46 1865 74 1886 30

47 2130 74 2152 35

49 2435 77 2455 40

48 2655 74 2676 45

665 227 852 254 HINKMAR
872 227 950 254 VON
970 227 1089 254 REIMS
1112 227 1170 254 136.
1679 225 1738 254 103

95 314 317 356 ‘Antequam’,
337 314 458 355 inquit,
473 314 721 354 ‘convenirent’‚
738 317 769 348 id
787 320 846 353 est,
861 321 1043 358 antequam
1061 317 1256 358 nuptiarum
1274 316 1432 348 solemnia
1449 316 1510 347 rite
1527 315 1737 348 celebrarent.

95 368 197 401 Verbo
215 368 306 399 enim
322 367 538 398 conveniendi
556 370 621 398 non
640 369 752 409 ipsum
767 369 993 407 concubitum,
1012 371 1067 401 sed
1085 371 1308 411 nuptiarum,
1326 380 1410 411 quae
1429 369 1616 411 praecedere
1634 368 1740 400 solent

94 420 333 453 concumbendi
354 424 499 461 tempus,
522 420 681 458 insinuat,
703 422 835 461 quando
856 433 905 460 ea,
927 433 1010 463 quae
1033 423 1124 464 prius
1146 423 1342 464 desponsata
1365 423 1482 460 fuerat,
1505 433 1572 454 esse
1592 422 1739 453 coniunx

1755 303 1841 366 3331
1851 347 1871 370 1,

96 474 240 516 incipitb.
255 473 300 505 Et
316 472 414 515 paulo
431 476 522 515 pest:
537 472 663 504 ‘Voluit
678 473 805 505 occulte
820 474 986 506 dimittere
1002 475 1098 507 eam'.
1113 476 1234 507 Videns
1250 476 1366 517 Ioseph
1384 487 1540 517 sponsam
1555 475 1739 516 concepisse
1754 486 1872 511 Matth.1,
1884 487 1919 507 19.

97 538 201 564 suam,
219 537 323 568 quam
339 526 421 557 bene
442 530 578 557 noverat
596 537 615 556 a
636 526 725 557 nullo
744 527 814 558 viro
834 527 932 558 fuisse
949 528 1129 565 adtactam,
1148 540 1227 560 cum
1244 532 1327 560 esset
1346 529 1453 560 iustus
1471 532 1504 560 et
1523 529 1608 560 iuste
1627 529 1738 559 omnia

95 580 191 612 vellet
204 590 308 621 agere,
323 579 494 620 optimum
506 579 615 616 duxit,
633 582 669 609 ut
684 589 789 620 neque
802 579 862 611 hoc
876 579 948 611 aliis
962 581 1111 622 proderet
1127 592 1230 622 neque
1245 593 1319 613 eam
1333 582 1401 623 ipse
1414 582 1576 623 acciperet
1590 592 1738 618 uxorem,

95 633 149 665 sed
173 635 301 664 mutato
324 631 451 663 occulte
474 632 671 673 nuptiarum
693 632 872 673 proposito,
896 633 930 663 in
951 633 1140 664 condicione
1163 645 1236 665 eam
1258 645 1395 675 sponsae
1419 646 1548 666 manere
1572 638 1739 676 pateretur

96 690 132 718 ut
152 689 232 717 erat.
254 685 332 717 Sedc
348 685 375 716 si
395 696 469 717 eam
489 684 615 716 occulte
636 685 818 716 dimitteret
840 695 943 725 neque
963 686 1122 726 acciperet
1141 687 1315 727 coniugem
1333 691 1366 718 et
1386 687 1440 719 illa
1462 699 1580 729 sponsa
1601 691 1738 729 pareret,

96 739 254 771 nimirum
272 738 429 780 perpauci
447 741 567 775 essent,
587 738 644 779 qui
663 749 738 769 eam
756 738 917 778 virginem
936 742 968 769 et
988 749 1054 769 non
1074 739 1184 780 potius
1202 743 1417 771 autumarent
1436 751 1503 772 esse
1524 741 1738 777 meretricem,

94 796 126 824 et
144 792 239 833 quasi
257 791 406 823 adultera
427 791 628 832 lapidaretur
646 802 665 822 a
686 791 843 822 Iudaeisc.

178 844 273 876 Unde
283 848 315 876 et
326 844 408 875 sacri
417 844 576 875 canonesl
587 844 621 875 in
630 843 788 885 capitulo,
799 843 833 874 in
843 854 908 884 quo
918 844 957 874 de
968 847 1167 881 parentibus,
1177 845 1235 885 qui
1245 848 1330 874 fidem
1339 849 1545 882 sponsaliorum
1555 850 1570 876 f
1572 858 1632 876 ran
1639 859 1655 883 g
1663 859 1680 876 u
1688 859 1705 876 n
1713 854 1739 881 t,

94 899 303 930 decernentes
326 897 598 938 prudentissimed
617 897 834 928 studuerunte
851 896 1037 938 adiungere,
1055 901 1078 925 si
1095 904 1202 930 tamen,
1220 898 1401 938 inquiunt‘,
1426 911 1545 936 sponsus
1568 903 1613 928 vel
1637 911 1740 936 sponsa

94 955 124 981 in
145 955 224 988 gravi
247 954 363 981 crimine
387 953 492 981 fuerint
515 953 691 987 deprehensi,
713 953 841 980 excusati
864 956 947 979 erunt
970 956 1114 986 parentes:
1136 950 1213 990 quia
1235 951 1323 990 quod
1347 956 1499 992 parentes
1521 952 1596 984 fidei
1618 953 1740 984 fractae

94 1003 283 1036 debuissent
298 1003 500 1046 punitionise
515 1003 674 1035 sustinere
685 1010 697 1028 Β
711 1003 899 1040 iudiciumss,
914 1003 955 1034 ad
970 1014 1024 1034 eos
1039 1003 1116 1040 iam,
1131 1003 1189 1043 qui
1206 1008 1404 1039 meruerant,
1418 1004 1606 1046 pertinebit.
1620 1005 1686 1036 ΕΗ
1702 1009 1740 1036 ut

93 1057 153 1090 ad¹
177 1057 351 1098 superioris
374 1056 518 1098 exempli
541 1056 690 1087 ordinem
712 1056 893 1093 redeamus,
918 1059 1090 1097 propterea
1113 1055 1288 1088 consilium
1311 1057 1427 1098 Ioseph
1450 1061 1583 1098 repente
1605 1058 1739 1090 consilio

97 1109 225 1143 meliore
244 1114 406 1148 mutatur,
424 1114 462 1141 ut
477 1109 629 1141 videlicet
644 1110 686 1141 ad
701 1109 960 1140 conservandam
978 1108 1098 1140 Mariae
1115 1109 1241 1140 famam
1257 1110 1325 1150 ipse
1341 1121 1415 1141 eam
1429 1109 1590 1142 celebrato
1608 1112 1740 1152 nuptia-

95 1174 170 1195 rum
189 1163 358 1194 conviviok
379 1163 552 1204 coniugem
573 1163 746 1204 acciperet,
769 1163 824 1193 sed
844 1166 956 1193 castus
976 1165 1103 1194 castam
1126 1166 1284 1204 perpetuo
1305 1163 1495 1200 custodiret,
1519 1167 1556 1194 ut
1578 1164 1740 1204 sequitur:

95 1217 197 1249 ‘Haec
214 1220 330 1248 autem
347 1227 383 1248 eo
400 1217 566 1257 cogitante
583 1219 671 1247 eccel
687 1215 821 1257 angelus
839 1216 973 1247 Domini
991 1215 1025 1246 in
1043 1216 1167 1247 somnis
1183 1216 1340 1257 apparuit
1358 1217 1387 1248 ei
1403 1216 1529 1247 dicens:
1548 1217 1676 1258 Ioseph,
1696 1216 1741 1248 fili

94 1270 212 1307 David,
234 1269 302 1301 noli
323 1270 439 1301 timere
459 1270 605 1310 accipere
629 1268 768 1300 Mariam
787 1269 961 1309 coniugem
981 1268 1100 1300 tuam'.

182 1323 230 1354 De
245 1323 340 1354 cuius
355 1323 499 1364 coniugii
515 1333 629 1364 genere
645 1321 788 1363 Syricius
803 1323 844 1353 ad
864 1322 1062 1363 Hymerium
1074 1322 1373 1354 Tarraconensemm
1397 1323 1589 1363 episcopum
1611 1323 1740 1364 scripsit

94 1375 258 1408 dicensfl2:
277 1379 319 1405 De
338 1380 468 1412 coniugii
486 1379 640 1405 violatione
655 1378 807 1412 requisisti,
818 1379 842 1404 si
859 1378 1062 1412 desponsatam
1079 1378 1126 1405 alii
1144 1378 1268 1412 puellam
1285 1379 1357 1405 alter
1373 1380 1402 1404 in
1421 1380 1634 1405 matrimonium
1652 1380 1741 1413 possit

95 1433 229 1467 accipere.
251 1432 314 1459 Hoc
334 1441 369 1459 ne
390 1432 450 1462 fiat,
472 1432 563 1458 modis
583 1432 715 1458 omnibus
735 1432 905 1462 inhibemus,
928 1432 994 1465 quia
1014 1432 1061 1458 illa
1082 1431 1251 1462 benedictio,
1273 1440 1359 1465 quam
1379 1435 1520 1466 nupturae
1541 1432 1670 1458 sacerdos
1690 1433 1741 1458 im-

96 1487 185 1520 ponit,
203 1485 281 1520 apud
298 1485 394 1512 fideles
412 1485 560 1512 cuiusdam
577 1486 713 1518 sacrilegii
731 1486 821 1511 instar
838 1489 890 1513 est,
908 1486 931 1510 si
949 1485 1006 1511 ulla
1024 1486 1244 1519 transgressione
1263 1485 1393 1511 violetur,
1411 1482 1454 1512 Et
1472 1482 1505 1513 in
1522 1481 1658 1513 concilio
1676 1483 1742 1513 An-

94 1534 250 1577 cyrano³t
271 1539 465 1572 Desponsatas
481 1538 588 1572 puellas
602 1542 631 1564 et
652 1541 717 1572 post
737 1538 774 1564 ab
794 1538 855 1565 aliis
876 1541 972 1572 raptas
993 1538 1101 1572 placuit
1120 1539 1179 1564 erui
1199 1541 1229 1564 et
1248 1539 1288 1564 eis
1308 1538 1397 1567 reddi,
1419 1539 1521 1572 quibus
1541 1542 1608 1564 ante
1629 1539 1742 1564 fuerant

94 1592 291 1626 desponsatae,
309 1592 423 1618 etiamsi
440 1593 479 1618 eis
497 1601 513 1618 a
531 1592 693 1626 raptoribus
712 1592 754 1617 vis
771 1591 861 1618 inlata
879 1592 1048 1617 constiterit.
1074 1588 1164 1626 Quae
1182 1599 1281 1629 Supra
1297 1592 1414 1619 taxato
1432 1589 1543 1619 ordine
1562 1599 1626 1619 uon
1647 1589 1741 1620 modo

96 1653 244 1684 sponsae,
263 1652 379 1673 verum
398 1642 500 1673 etiam
517 1642 611 1682 quasi
629 1642 783 1683 coniuges
802 1642 918 1678 factae,
938 1642 1057 1672 etiam⁰
1082 1641 1241 1672 violenter
1257 1645 1442 1683 corruptae,
1463 1642 1508 1672 ita
1529 1641 1655 1682 sponsis
1673 1642 1742 1672 red-

95 1695 219 1727 dendae
240 1699 330 1733 sunt,
348 1695 433 1726 sicut
453 1698 506 1726 et1’
529 1695 671 1736 separati
692 1694 778 1725 sinen
800 1695 1024 1725 fornicationis
1043 1705 1142 1726 causa
1163 1698 1196 1726 et
1215 1694 1338 1735 absque
1362 1698 1478 1726 mutuo
1498 1705 1658 1725 consensu
1679 1695 1743 1725 dis-

96 1748 200 1780 iuncti
219 1749 374 1790 coniuges
394 1748 585 1789 reiungendi
607 1751 696 1779 sunt.
719 1748 959 1779 Fornicationis
978 1752 1093 1779 autem
1112 1758 1211 1779 causa
1233 1748 1375 1789 separati
1394 1751 1455 1779 aut
1476 1748 1611 1789 innupti
1634 1759 1743 1779 mane-

96 1801 179 1833 bunt
201 1805 262 1832 aut
283 1812 325 1833 ex
346 1812 507 1833 consensu
533 1805 666 1833 mutuor
690 1800 842 1832 sibimet¹
864 1800 1188 1832 reconciliabunturs.
1211 1801 1259 1832 De
1283 1801 1447 1842 nuptiatis
1467 1804 1593 1838 autem,
1617 1801 1672 1831 sed
1695 1801 1743 1831 in-

97 1855 222 1897 nuptis,
237 1854 269 1886 id
284 1858 333 1886 est
347 1855 386 1886 de
402 1855 598 1896 nuptiarum
611 1853 838 1891 celebratione,
854 1855 887 1885 in
902 1853 1022 1895 quibus
1036 1865 1127 1885 arrae
1142 1853 1383 1895 sponsaliorum
1397 1858 1430 1885 et
1443 1853 1625 1885 benedictio
1641 1864 1744 1885 sacer-

95 1907 213 1939 dotalis
228 1911 260 1939 et
276 1908 456 1940 dotationis
470 1907 678 1939 confirmatio
694 1911 727 1938 et
744 1908 863 1939 Christi
878 1911 978 1948 atque
993 1906 1143 1938 ecclesiae
1161 1907 1356 1948 mysterium
1371 1907 1412 1939 ad
1427 1906 1657 1948 completionis
1673 1917 1744 1948 per—

97 1961 272 1993 fectionem
287 1961 451 2002 dirigitur,
469 1962 523 1992 sed
542 1972 606 1992 non
622 1961 729 1992 carnis
746 1961 867 1992 unione
883 1959 1079 2002 completur,
1098 1960 1152 1991 sed
1167 1959 1344 1991 consilium
1359 1959 1497 1998 bonum,
1515 1963 1553 1990 ut
1569 1960 1609 1991 de
1626 1960 1742 2001 Ioseph

95 2014 273 2051 diximus&
298 2014 434 2046 consilio
456 2014 585 2046 meliore
606 2018 766 2051 mutatur,
792 2017 829 2044 ut
849 2014 882 2044 in
900 2013 1104 2044 continentia
1124 2017 1283 2055 perpetuo
1304 2016 1461 2050 maneat‘,
1482 2013 1604 2044 ibidem
1622 2013 1743 2045 iterum

97 2068 259 2109 scriptum
276 2071 340 2100 est:
357 2067 557 2109 ‘Exsurgens
574 2071 689 2099 autem
704 2067 820 2108 Ioseph
838 2078 856 2098 a
876 2077 990 2098 somno
1010 2067 1096 2104 fecit,
1116 2066 1200 2097 sicut
1219 2070 1446 2108 praeceperatu
1464 2067 1510 2098 eiu
1527 2065 1662 2108 angelus
1679 2066 1743 2097 Do-

98 2121 188 2158 mini,
205 2124 239 2152 et
253 2121 380 2162 accepit
395 2121 572 2162 coniugem
588 2132 693 2152 suam.
710 2120 754 2151 Et
771 2131 835 2151 non
851 2119 1065 2161 cognoscebat
1082 2119 1177 2151 eam.²
1193 2120 1328 2160 Accepit
1343 2123 1459 2151 autem
1473 2120 1514 2151 ad
1531 2130 1651 2151 nomen
1666 2130 1742 2150 con-

95 2174 178 2215 iugis
193 2173 234 2205 ob
250 2184 367 2206 causas
384 2174 592 2211 necessarias,
608 2184 693 2214 quae
709 2178 790 2205 tunc
808 2172 1039 2210 imminebant,
1057 2177 1088 2204 et
1107 2184 1173 2204 non
1188 2172 1403 2214 cognoscebat
1420 2183 1494 2204 eam
1509 2173 1551 2204 ad
1567 2183 1651 2214 opus
1667 2184 1743 2204 con-

97 2226 211 2269 iugale,
233 2227 288 2258 sed
308 2231 446 2268 uterque
467 2227 501 2258 in
521 2227 724 2258 continentia
746 2226 994 2268 permanebant.

1757 1229 1842 1249 Matth.
1854 1231 1874 1253 l,
1885 1230 1921 1248 ¹20.

1760 2077 1956 2102 Matth.1,24.25.

194 2280 288 2318 Quod
310 2284 342 2312 et
366 2280 489 2312 Paulus
512 2279 644 2312 licenter
667 2279 735 2311 fieri
758 2290 849 2320 posse
872 2279 905 2310 in
927 2278 1065 2320 epistola
1088 2279 1193 2320 prima
1215 2279 1257 2310 ad
1279 2279 1463 2310 Corinthios
1484 2283 1516 2310 et
1537 2279 1742 2320 Augustinus
1754 2290 1955 2314 Vgi.1,Cor.7,29.

98 2333 131 2364 in
146 2332 226 2364 libro
244 2334 350 2375 primo
366 2333 406 2364 de
422 2334 550 2374 nuptiis
565 2337 597 2364 et
612 2332 877 2374 concupiscentia
893 2332 1097 2363 demonstrat
1113 2332 1223 2363 dicens
1233 2330 1258 2362 5:
1281 2335 1389 2366 Quibus
1406 2344 1471 2361 vero
1488 2336 1613 2369 placuitv
1628 2344 1663 2361 ex
1679 2343 1742 2361 eon-

179 2433 203 2460 a)
219 2430 254 2454 So
271 2431 302 2458 B,
319 2431 357 2458 D,-
373 2431 479 2462 nuptias
494 2431 572 2455 Sirm.
659 2430 682 2460 l³)
700 2431 795 2461 incepit
812 2430 889 2454 Sirm.
972 2432 995 2459 ⁰)
1014 2430 1064 2453 Sed
1078 2429 1222 2453 -Iudaeis
1239 2430 1330 2460 (unten
1344 2429 1373 2453 Z.
1385 2430 1432 2459 10)
1449 2429 1506 2459 fehlt
1522 2430 1555 2453 D.
1643 2428 1667 2458 α)
1687 2437 1744 2459 pro-

98 2474 274 2499 videntissime
292 2475 370 2499 Sirm.
478 2477 501 2506 Ε)
526 2478 676 2499 statuerunt
694 2475 771 2498 Sirm.
880 2472 898 2503 t)
922 2473 992 2498 Fehlc
1010 2474 1043 2498 L.
1153 2476 1176 2503 g)
1201 2474 1325 2498 iudicium
1350 2474 1493 2505 punitionis
1517 2474 1642 2498 sustinere
1667 2473 1743 2496 Sirm.

100 2517 124 2548 11)
143 2519 177 2543 Et
191 2520 374 2543 -vitaremus
394 2520 485 2550 (unten
504 2519 532 2544 S.
544 2520 591 2545 105
608 2519 637 2543 Z.
649 2519 680 2549 2)
698 2519 856 2549 ausqelassen
874 2518 907 2542 D.
998 2516 1017 2547 ¹)
1037 2526 1052 2541 a
1073 2518 1103 2542 B.
1198 2517 1222 2548 ις)
1242 2519 1360 2550 coniugio
1379 2518 1456 2543 Sirm.
1548 2516 1566 2547 ¹)
1586 2517 1693 2548 Doppelt
1714 2517 1743 2540 B.

98 2565 129 2593 ¹¹¹)
147 2564 363 2588 'terraconensem
383 2564 414 2588 B.
522 2566 547 2594 n)
565 2563 642 2587 A.R..·
660 2564 699 2587 De
716 2563 828 2594 coniugii
844 2562 984 2586 violatione
1003 2562 1034 2586 B.
1120 2565 1143 2593 0)
1161 2563 1213 2586 iam
1232 2563 1262 2586 B.
1349 2565 1373 2592 D)
1391 2564 1471 2586 etiam
1488 2561 1565 2586 Sirm.
1649 2564 1673 2592 [1)
1691 2562 1743 2584 sive

98 2607 174 2632 Sirm.
243 2610 264 2639 r)
287 2608 391 2632 sibimet
414 2611 506 2632 mutuo
528 2608 606 2632 Sirm.
675 2610 697 2637 Β)
719 2606 922 2631 reconciliabunt
946 2606 977 2630 Β.
1047 2605 1065 2637 t)
1088 2609 1226 2632 maneatur
1240 2607 1317 2631 Sirm.
1387 2610 1411 2636 u)
1434 2607 1456 2630 ei
1479 2610 1642 2637 praeceperat
1667 2605 1743 2629 Sz'rm.

98 2654 121 2681 V)
138 2652 263 2683 placuerit
279 2652 356 2676 Sirm.

191 2732 216 2762 1)
239 2731 340 2756 Konzil
367 2740 417 2757 von
445 2731 540 2757 Elvira
567 2739 588 2757 c.
609 2731 652 2761 54,
678 2730 831 2756 Hinschifus
862 2729 890 2755 S.
911 2729 972 2755 342.
1095 2730 1122 2762 2)
1148 2729 1239 2756 Codex
1262 2738 1398 2755 canonum
1425 2729 1527 2762 (1609)
1553 2729 1648 2755 8316
1672 2737 1693 2753 c.
1714 2729 1740 2757 4,

101 2774 252 2800 Hinsclzius
276 2775 305 2801 S.
319 2775 371 2801 521
396 2784 417 2801 c.
432 2776 447 2800 4
475 2775 572 2808 (J.-K.
586 2775 664 2808 255).
788 2775 814 2806 3)
838 2774 939 2800 Konzil
954 2782 1004 2799 von
1020 2774 1131 2807 Ancyra
1154 2783 1175 2800 c.
1189 2774 1233 2804 10,
1256 2774 1347 2800 Codex
1368 2782 1503 2799 canonum
1527 2773 1629 2806 (1609)
1654 2772 1743 2801 5130:

101 2818 252 2845 Hinschizts
267 2819 296 2845 S.
310 2819 363 2845 262
378 2828 399 2845 c.
414 2820 456 2845 11.
551 2821 578 2851 4)
602 2819 660 2851 Vyl.
676 2819 741 2844 oben
756 2819 786 2843 Z.
800 2818 873 2851 I-J‘ff.
961 2820 990 2849 5)
1010 2818 1036 2847 I,
1052 2818 1095 2847 12,
1119 2818 1199 2851 Corp.
1221 2818 1333 2844 Vindob.
1353 2818 1396 2848 42,
1408 2818 1470 2843 224.
